3000 5125
797 341 859 407 166

328 535 382 574 aa
408 517 476 584 Tne
498 518 643 584 dolorosa
664 518 762 583 matri
784 538 881 584 eausa
901 516 1014 582 mortis
1038 516 1130 583 eriss

406 622 458 688 Sic
479 625 571 709 virgo
594 629 696 690 mater
716 622 921 689 lamentando
943 621 1103 688 transibat
1124 623 1159 688 in
1181 622 1329 701 harvia,

406 728 451 792 Et
472 730 628 798 intrantes
651 729 813 794 civitatem
836 728 962 794 dicebat
983 727 1104 793 Maria:

409 834 475 900 »Ve
497 835 587 913 mihi,
610 834 686 919 quid
709 856 793 900 nunc
817 833 929 906 audio!
952 833 1017 898 iam
1040 836 1089 898 es't
1110 834 1230 899 elamor
1252 834 1387 912 multus„

407 939 445 1005 In
468 940 596 1005 civitate
619 940 728 1023 populi
752 960 952 1026 magnusque.
969 938 1137 1004 tumultus.

330 1064 380 1102 0000
407 1043 456 1110 Ve
478 1045 568 1122 mihi,
590 1046 684 1109 mode
706 1067 840 1128 puerum
862 1067 968 1110 meum
990 1044 1181 1123 oeciderunt,
1206 1053 1210 1060 ’

411 1149 468 1215 Vel
490 1150 529 1213 ad
552 1149 755 1215 occidendum
778 1172 850 1214 eum
871 1154 998 1215 tantum
1020 1150 1247 1215 clamaverunt.

406 1254 613 1318 Procedentes
635 1253 859 1339 Magdalenam
881 1254 1018 1319 Mariam
1040 1254 1229 1320 invenerunt

406 1357 560 1443 Aliasque
582 1358 716 1424 feminas
739 1382 812 1427 eum
833 1358 892 1423 illa
914 1382 976 1445 que
997 1359 1144 1437 fuerunt;

408 1463 475 1541 Qne
497 1460 621 1548 repulse
643 1463 771 1529 fuerant
793 1486 813 1528 a
834 1462 913 1529 Jesu
934 1465 1136 1551 flagellando,

329 1587 380 1626 0000
407 1568 631 1634 Lamentantes
653 1571 747 1635 finem
771 1571 873 1635 sancti
894 1572 1024 1636 stabant
1046 1569 1249 1655 expectando.
1287 1564 1289 1566 ’

408 1672 511 1737 Maria
533 1674 626 1761 virgo
648 1674 872 1761 Magdalenam
894 1677 1023 1741 flentem
1046 1680 1083 1741 ut
1108 1674 1241 1760 aspexit,

407 1776 489 1842 Fore
511 1801 604 1844 snum
626 1780 728 1844 filium
750 1781 785 1844 in
807 1781 896 1865 penis
919 1781 1087 1847 intellexit.

408 1881 539 1947 Viribus
562 1888 594 1948 et
617 1884 732 1968 spiritu
755 1885 869 1951 defecit
891 1886 1055 1966 destituta,

375 2067 379 2074 .
407 1989 452 2054 Et
473 1990 641 2074 complosis
664 1990 811 2057 manibus
834 1992 888 2057 vix
910 1995 959 2058 est
980 1992 1038 2058 hec
1060 1994 1185 2057 locuta:

332 2110 383 2147 esso
411 2093 497 2159 »Ubi
519 2117 597 2179 puer
619 2118 707 2160 meus
730 2100 802 2162 estl
823 2097 874 2162 die
893 2097 975 2162 mihi
996 2097 1204 2184 Magdalena!

407 2198 468 2262 Est
490 2199 631 2264 occisus?
655 2201 705 2264 vel
727 2200 762 2264 in
785 2201 873 2286 quali
895 2202 1054 2267 detinetur
1077 2205 1182 2285 pena?

408 2300 516 2367 Meum
537 2304 739 2389 unigenitum
760 2304 827 2369 ubi·
840 2305 998 2385 dimisisti,
1074 2351 1076 2355 ι
1206 2359 1210 2371 .

408 2406 527 2471 Vivum
551 2409 616 2473 sive
638 2415 801 2475 mortuum
823 2411 928 2495 ipsum
950 2412 1152 2496 reliquisti&

407 2512 511 2580 Maria
532 2515 611 2581 flens
634 2537 690 2601 pre
712 2516 851 2582 lacrimis
874 2517 961 2604 loqui
984 2518 1038 2583 vix
1060 2517 1187 2584 valebat

330 2636 381 2672 0000
408 2619 453 2684 Et
475 2621 513 2684 ad
536 2626 646 2704 peetus
668 2606 802 2707 virginis
825 2645 974 2690 corruens
997 2624 1137 2689 dicebat:

375 2805 377 2807 ι
411 2722 457 2787 »Ο
480 2724 607 2791 domina
629 2727 838 2808 sanctissima,
860 2728 941 2793 mihi
964 2729 1145 2814 predileeta‚

409 2826 435 2891 0
458 2829 621 2915 virginum
643 2832 820 2898 castissima
841 2856 898 2918 pre
920 2833 1066 2899 omnibus
1087 2835 1196 2913 electa,

408 2931 435 2996 0
458 2934 525 3013 celi,
549 2938 641 3014 terre,
665 2935 803 3001 siderum
818 2937 929 3023 regina
950 2938 1101 3024 gloriosa,

406 3036 433 3102 Ο
456 3037 533 3104 Jesu
555 3040 617 3105 mei
640 3041 760 3106 domini
781 3046 883 3108 mater
905 3043 1060 3124 dolorosa,

329 3159 381 3196 0000
408 3140 435 3206 Ο
458 3144 512 3227 pia
533 3149 635 3210 mater
657 3150 768 3212 saneta
790 3148 882 3233 virgo
905 3149 1087 3216 dulcissima
1108 3151 1221 3230 Maria,

407 3246 494 3314 Tuus
516 3250 581 3313 iam
603 3256 652 3316 est
673 3251 759 3317 filius
781 3254 814 3317 in
837 3255 951 3319 mertis
973 3255 1106 3343 agonia!

284 3434 288 3443 ἐ
409 3351 497 3418 Tuus
519 3356 703 3441 unigenitus
725 3358 932 3444 dominusque
955 3384 1042 3428 meus

407 3457 499 3524 Jesus
521 3461 601 3526 mihi
624 3464 823 3547 predileatus,
848 3462 988 3531 salvator
1010 3468 1122 3533 mundi
1144 3468 1229 3546 deus,

407 3564 459 3630 Me
482 3567 608 3633 vidente
629 3569 694 3634 iam
715 3569 780 3634 fnit
800 3571 843 3635 ad
865 3557 1005 3637 statuam
1026 3574 1155 3660 ligatus,

329 3686 380 3723 ⁴⁸⁹⁶
407 3669 451 3734 Et
474 3671 513 3735 ab
537 3695 573 3738 ee
596 3697 646 3739 me
669 3676 796 3760 repulsa
818 3676 885 3743 dire
907 3679 1108 3764 flagellatus3
1140 3699 1143 3709 ’

404 3773 465 3840 Sed
487 3777 552 3842 iam
574 3801 680 3845 ceram
702 3782 825 3865 preside
848 3787 935 3848 stans
958 3784 1026 3869 ipse
1047 3787 1215 3866 iudicatur,

406 3878 451 3943 Et
472 3904 492 3944 a
513 3882 623 3950 Judeis
646 3886 753 3970 impiis
776 3888 816 3952 ad
838 3893 973 3955 mertem
995 3892 1204 3975 postulatura

406 3986 509 4072 Virgo
532 3995 633 4062 mater
656 3992 785 4083 audiens
807 3994 868 4059 heu
889 3995 1009 4062 eiulans
1032 3996 1173 4064 dicebat:

407 4089 475 4155 ›Ve
497 4093 596 4160 mihi!
619 4119 666 4177 ve,
690 4121 728 4163 ve
750 4099 798 4163 fili
820 4100 904 4165 mil«
928 4106 1099 4191 pectusque
1120 4106 1251 4173 cedebat

328 4214 379 4251 ⁴⁹00
406 4195 496 4262 Inter
517 4222 630 4267 manus
652 4203 818 4271 hominum
841 4206 987 4274 deficiens
1009 4210 1149 4276 cadebat.

812 4332 830 4372 a

321 4419 391 4474 4886
409 4420 433 4475 a
454 4386 593 4496 michique
611 4428 723 4486 nacta.
794 4433 863 4490 4000
881 4435 908 4489 n
927 4437 1066 4506 omnium
1084 4439 1108 4497 a
1127 4440 1279 4499 hominum.
