3000 5125
307 505 358 545 4111
385 488 540 553 Dicentur
561 491 648 566 tunc,
672 491 704 551 et
727 486 826 551 ubera
848 508 910 572 que
932 508 996 552 non
1017 487 1139 554 lactare
1200 493 1225 555 t.

384 592 430 658 Et
452 597 529 657 tunc
551 614 607 676 pre
630 592 743 656 timore
765 595 888 659 montes
911 593 951 657 ad
973 615 1007 657 se
1028 595 1260 680 protegendum

384 697 582 764 Invocabunt
605 702 701 783 atque
722 697 818 763 colles
840 698 881 763 ad
903 698 1136 784 aperiendum«

231 997 336 1083 Quod
363 997 475 1070 Jesus
501 997 641 1070 vadens
675 995 722 1068 ad
755 994 967 1090 passionem
1003 998 1269 1073 consolabatur
1299 1025 1387 1074 ma-

679 1121 779 1191 trem
806 1142 924 1193 suam.

385 1328 490 1395 Mater
511 1327 587 1394 Jesu
612 1350 706 1413 super
727 1332 836 1413 pectus
859 1330 928 1394 nati
950 1329 1117 1396 corruebat
1162 1329 1165 1336 ⁴

386 1435 431 1500 Et
451 1436 486 1499 in
508 1435 574 1499 suis
596 1434 735 1500 brachiis
758 1433 928 1500 lacrimans
950 1435 1092 1501 herebat.

309 1561 360 1599 oro
387 1539 448 1605 Pre
470 1540 577 1605 dolore
599 1540 697 1604 nimio
720 1540 808 1626 loqui
830 1562 894 1606 uon
917 1540 1052 1620 valebat,

388 1646 449 1712 Sed
472 1645 564 1711 Jesus
587 1667 657 1711 eam
679 1645 814 1710 dulciter
835 1645 1000 1711 consolans
1022 1646 1080 1712 heo
1102 1646 1242 1713 dicebat:

388 1750 435 1817 »Ο
456 1754 558 1816 mater
579 1752 624 1815 mi
646 1750 837 1830 dulcissima,
862 1773 926 1816 non
947 1756 1074 1817 tautum
1096 1753 1293 1818 contristeris

386 1858 520 1942 Propter
539 1878 642 1921 meam
665 1856 852 1940 passionem,
876 1858 930 1922 sed
951 1880 1063 1942 parum
1086 1858 1265 1939 consoleris,

386 1963 468 2040 Quia
488 1983 546 2046 pro
569 1960 671 2026 salute
693 1961 803 2025 mundi
825 1984 893 2027 sum
917 1963 1011 2028 modo
1034 1962 1216 2043 moriturus,

310 2086 362 2125 aas
388 2067 508 2132 Tamen
530 2064 580 2130 die
601 2065 698 2129 tertia
720 2087 883 2153 resurgam
906 2071 939 2133 11
961 2068 1095 2132 visurus.

387 2172 465 2237 Plus
486 2175 519 2235 te
540 2174 597 2234 tua
618 2169 757 2235 tribulor
779 2160 864 2236 nunc¹
885 2171 1067 2252 afflictione,

335 2269 338 2278 ’
387 2277 488 2354 Quam
512 2277 550 2341 de
572 2298 642 2341 mea
663 2276 787 2342 doleam
810 2299 869 2365 ego
891 2278 1047 2362 passione,

387 2383 448 2449 Cor
469 2404 575 2448 meum
596 2383 699 2467 magis
720 2382 876 2462 vulnerat,
899 2384 984 2468 quod
1006 2389 1043 2449 tu
1066 2383 1229 2449 tribularis

388 2487 491 2565 Quam
512 2486 615 2552 omnis
636 2507 707 2552 mea
729 2487 835 2573 passio
857 2510 953 2576 qaam
977 2490 1011 2554 iu
1032 2512 1083 2554 me
1106 2488 1306 2575 specularia«

415 2806 519 2892 Quod
547 2804 655 2881 Jesus
682 2805 722 2878 in
749 2805 937 2901 Golgatha
961 2807 1099 2882 ductus
1125 2807 1195 2881 ost.

309 3034 362 3073 1111
388 3016 466 3082 Post
488 3016 549 3081 hoc
570 3015 816 3101 benignissimus
837 3015 930 3082 Jcsus
953 3017 1126 3081 ducebatur

387 3121 426 3187 Iu
449 3120 620 3206 Golgatha
643 3120 786 3186 Calvarie
809 3121 865 3206 qui
887 3121 974 3186 locus
996 3119 1168 3187 dicebatur.

388 3226 438 3292 Ibi
460 3229 563 3311 vestes
585 3227 625 3290 ab
648 3248 685 3291 eo
707 3248 781 3291 suas
804 3227 1038 3307 abstraxerunt,
1114 3294 1120 3305 ,

387 3330 553 3398 Nudatum
575 3335 644 3397 toto
666 3354 797 3417 corpore
820 3336 904 3398 stare
926 3337 1003 3398 tunc
1023 3331 1176 3398 fecerunt.

387 3428 581 3503 Obtuleruut
603 3438 642 3502 ad
665 3437 832 3503 bibeudem
855 3436 917 3503 sibi
939 3442 1016 3502 tunc
1038 3439 1208 3504 mirratum

309 3562 360 3601 4⁰⁶⁶
387 3542 508 3609 Vinum
530 3547 626 3628 atque
647 3542 721 3608 falle
742 3543 879 3607 mixtum
903 3547 935 3606 et
958 3543 1176 3609 amaricatum.

387 3647 448 3713 Sed
469 3646 562 3713 Jesus
584 3649 664 3713 illud
687 3648 808 3733 respuit
829 3652 862 3713 et
884 3648 993 3715 bibere
1014 3648 1153 3728 nolebat,

387 3751 477 3829 Quod
499 3776 625 3819 amarus
649 3760 729 3819 esset
751 3757 846 3839 potus
869 3755 949 3820 bene
971 3777 1046 3820 nam
1068 3755 1197 3819 sciebat.

388 3857 478 3922 Tunc
499 3880 647 3923 eoronam
670 3862 891 3924 contorserunt
913 3858 951 3924 de
973 3860 1136 3944 iuncisque
1157 3859 1299 3939 marinis,

386 3962 510 4027 Horum
532 3968 607 4029 sunt
629 3964 730 4030 aculei
753 3965 909 4031 acutiores
931 3965 1040 4050 spinis.

308 4089 360 4125 1111
387 4068 480 4133 Hauc
502 4090 651 4134 coronam
673 4074 848 4155 posuerunt
869 4093 964 4156 super
986 4076 1082 4155 caput
1104 4072 1180 4153 eius,

386 4174 447 4239 Per
469 4197 565 4259 quam
587 4174 680 4240 Jasus
703 4175 906 4261 pungebatur
927 4177 1036 4242 dumus
1059 4182 1092 4243 et
1114 4179 1213 4263 pejus,

388 4278 495 4364 Atque
518 4281 566 4345 sui
589 4281 702 4366 capitis
724 4282 796 4368 plus
819 4281 1005 4347 vulneratur
1026 4283 1108 4349 cutis

385 4384 437 4454 Ex
457 4384 588 4452 illorum
609 4386 777 4455 iuncorum
799 4387 916 4454 aculeis
939 4388 1049 4468 acutis,
