3000 5125
7 763 9 860 l

666 442 708 510 19

267 619 327 684 Est
349 619 383 684 in
406 620 457 686 die
480 621 586 700 tertia,
609 625 761 706 totusque
782 640 950 687 conversus

222 793 226 799 ,
264 724 411 809 Ipsorum
432 727 537 790 estin
559 726 712 811 gaudium
735 727 850 806 luctus,
874 751 948 791 nem
972 728 1109 794 letanter

198 849 238 885 ³20
266 829 359 894 Hunc
382 831 520 915 suscepit
543 853 624 895 uxor
646 831 713 896 eius
736 835 768 897 et
790 833 885 896 nimis
909 833 1120 918 gratulanter.

266 932 377 1000 Omnis
400 957 527 1021 quoque
548 936 686 1021 gemitus
708 936 850 1020 ipsorum
873 942 1112 1003 commutatur*
1148 972 1150 976 ·

264 1039 303 1104 In
325 1042 499 1104 maximum
522 1040 708 1124 tripudium,
730 1040 888 1126 fletusque
909 1031 1047 1123 sedatur,

265 1144 338 1210 Sese
360 1146 436 1230 quia
460 1149 571 1210 mutuo
593 1137 673 1210 tune
692 1145 940 1228 consolabantur
1099 1129 1102 1135 ¹

264 1249 303 1315 In
325 1251 469 1315 dulcibus
492 1251 658 1336 colloquiis
681 1255 714 1315 et
736 1251 832 1315 simul
857 1251 1048 1319 letabuntur.

175 1373 238 1421 ,³2⁶
264 1354 366 1421 Uxori
389 1378 445 1421 sue
466 1355 613 1424 Joaehim
636 1356 744 1421 omnia
767 1359 911 1422 narravit

265 1462 394 1549 Sibique
416 1485 472 1547 per
494 1464 644 1548 angelum
666 1463 742 1528 deus
765 1465 971 1548 propalavit.
1108 1542 1117 1559 .

146 1649 172 1660 ⁴.
264 1568 398 1633 Dicens:
423 1568 480 1633 »In
503 1569 626 1633 deserto
648 1591 772 1633 merens
795 1590 854 1653 ego
877 1592 948 1634 eum
971 1577 1131 1637 manerem

264 1674 431 1759 Meamque
454 1674 612 1768 miseriam
637 1695 709 1737 curn
732 1674 853 1759 gemitu
876 1674 1029 1760 lugerem,

264 1778 372 1863 Atque
394 1777 695 1844 creatorem'meum
718 1780 810 1844 deum
834 1781 1008 1864 adorarem,

199 1903 238 1939 ³³⁰
265 1884 440 1969 Multisque
461 1907 533 1949 cum
555 1884 694 1950 lacrimis
717 1886 823 1969 ipsum
845 1887 1034 1966 invocarem,
1100 1961 1102 1968 ¹

264 1987 311 2054 Ut
332 1990 383 2054 vel
406 1990 447 2054 ab
469 1989 640 2074 obprobrio
662 2012 713 2054 me
735 2012 806 2055 mec
829 1989 987 2073 liberaret,

264 2094 325 2159 Vel
348 2095 486 2159 animam
509 2096 547 2160 de
569 2117 700 2181 corpore
723 2118 826 2160 meam
849 2102 1004 2177 evocaret,

263 2197 325 2264 Ad*
338 2223 388 2265 me
411 2201 499 2276 venit
520 2200 653 2291 angelus
677 2224 697 2265 a
718 2202 777 2266 deo
799 2202 986 2281 destinatus,

263 2305 311 2369 De
334 2328 404 2370 mea
427 2327 476 2369 me
498 2305 632 2395 tristitia
654 2306 709 2391 qui
731 2305 795 2370 fuit
817 2307 1008 2387 consolatus,

198 2429 238 2464 ³³1»
264 2410 373 2495 Atque
394 2410 474 2474 mihi
497 2411 649 2496 gaudium
671 2433 825 2496 magnum
847 2407 1019 2491 intimavit,
1102 2472 1106 2480 .

263 2515 353 2593 Quod
375 2520 566 2601 conceptura
588 2516 689 2581 filiam
712 2517 751 2582 de
773 2539 823 2582 me
846 2517 889 2582 sis
913 2518 1084 2583 nuntiavit.

257 2620 389 2687 Nomen
411 2616 629 2706 atque‘vitam
651 2618 747 2687 huius
769 2622 836 2688 filie
858 2625 1011 2703 narravit,

263 2727 307 2791 Et
329 2728 413 2812 quod
435 2748 553 2812 magna
574 2726 665 2792 fieret
686 2730 720 2791 in
742 2729 836 2792 terris
859 2730 1050 2813 propalavit,

262 2834 306 2898 Et
328 2834 413 2929 quod
435 2833 527 2917 virgo
549 2846 735 2917 permanens
759 2834 881 2918 prolem
902 2839 1092 2917 procrearet,

189 2959 247 3021 5³4⁰.
263 2938 329 3004 Geli
351 2944 435 3004 terre
458 2939 621 3004 dominum
644 2939 700 3003 illa
722 2945 908 3023 generaret3

264 3045 347 3125 Hinc
369 3067 428 3131 ego
451 3047 579 3110 credens
602 3044 709 3130 angeli
731 3046 837 3110 verbis
859 3046 898 3110 ad
921 3051 953 3111 te
975 3047 1057 3123 veni,

264 3149 372 3215 Etiam
386 3156 427 3215 ‚te
449 3152 644 3215 consolatam
668 3173 760 3235 spero
783 3151 868 3235 quod
890 3151 1027 3216 inveni.‹

264 3255 353 3319 Tunc
374 3256 537 3340 respondit
561 3255 656 3320 Anna
678 3256 768 3320 viro:
802 3255 889 3321 »Nos
912 3257 987 3322 deus
1010 3257 1166 3321 consolari

262 3360 423 3445 Dignatus
446 3365 494 3425 est
516 3362 707 3445 etamplius
729 3384 788 3425 nos
809 3384 875 3426 non
896 3361 966 3425 vult
989 3361 1148 3426 tribulari.

199 3484 238 3521 sss
263 3465 442 3542 Mihinam
464 3466 611 3531 similiter
633 3465 766 3551 angelus
788 3467 826 3531 de
848 3467 922 3531 celis

263 3571 379 3636 Missus
403 3577 461 3652 est,
485 3578 516 3637 et
539 3572 652 3636 faciem
674 3572 740 3636 vidi
763 3570 946 3656 Raphaelis,

263 3677 324 3754 Qui
347 3680 490 3744 dulcibus
513 3678 711 3744 sermonibus
733 3678 815 3741 mihi
837 3678 1028 3763 loquebatur

262 3783 306 3847 Et
329 3785 366 3849 de
388 3785 595 3849 tribulatione
617 3806 668 3853 me
689 3783 915 3848 consolabatur

262 3887 387 3967 Dicens,
411 3889 449 3952 ad
472 3911 522 3953 me
545 3889 685 3953 breviter
706 3892 739 3952 te
762 3886 832 3951 fore
854 3910 1065 3967 reversurum,

199 4011 238 4047 ³⁵⁰
265 3992 332 4057 Neo
354 4016 418 4057 non
442 4016 567 4058 omnem
590 3992 710 4057 luctum
734 3997 879 4056 nostrum
901 3994 998 4058 finem
1019 3993 1215 4072 habiturum,

262 4098 333 4184 Ego
355 4100 431 4183 quia
452 4099 552 4163 filium
574 4101 635 4163 sim
657 4122 676 4162 a
698 4103 732 4163 te
755 4103 955 4182 conceptura,

669 4244 686 4275 ’t‘

191 4360 240 4414 331
269 4359 305 4414 ab
329 4360 400 4414 fehlt
418 4360 448 4413 in
468 4361 495 4413 Z.
585 4361 636 4413 332
662 4375 723 4414 meo
741 4362 816 4412 statt
834 4375 926 4413 meam
944 4359 974 4413 in
993 4360 1019 4414 Z.
1109 4361 1160 4413 340
1179 4361 1254 4411 statt

107 4445 159 4501 illa
176 4447 253 4502 lesen
265 4447 290 4501 G
304 4448 394 4502 unch
413 4465 446 4503 ae
463 4464 566 4518 regem,
585 4448 655 4503 doch
675 4447 763 4517 vergl.
784 4447 915 4501 Walther
934 4465 988 4502 von
1004 4447 1132 4501 Rheinau
1152 4464 1176 4500 v.
1191 4447 1251 4500 662.

108 4535 155 4590 341
175 4535 247 4590 Huic
262 4538 338 4593 statt
356 4535 428 4590 Hinc
446 4536 476 4589 in
496 4536 523 4588 Z.
596 4538 645 4590 344
666 4552 715 4591 nos
734 4535 807 4590 fehlt
824 4535 854 4588 in
874 4535 902 4590 0.
1160 4534 1163 4540 '
1309 4540 1311 4542 ’

1003 4624 1043 4677 2*
