3000 5125
756 293 821 361 230

292 488 344 525 6666
370 467 534 533 Amorbo
557 468 607 532 vel
629 468 824 549 infirmitate,
848 490 1046 553 quacumque
1068 471 1266 536 tenebantur.

371 573 432 638 Per
454 596 524 638 eam
547 596 673 658 quoque
694 574 812 639 femine
834 574 970 660 plurime
992 580 1185 661 pregnantes

371 678 420 743 De
442 684 537 764 partu
558 680 690 748 liberate
712 684 797 760 sunt,
821 702 892 746 cum
915 680 1128 765 periclitantes

373 782 497 850 Nomen
520 786 586 850 eius
609 787 810 864 invocabant,
833 808 894 870 que
916 786 1026 851 statim
1048 795 1248 871 pepererunt,

373 887 599 975 Auxiliumque
621 890 756 975 virginis
779 891 930 956 citissime
952 897 1127 956 senserunt.
1220 903 1232 920 ·

297 1013 349 1050 6666
376 994 518 1059 Fuerunt
540 995 574 1059 in
596 996 773 1061 carceribus
796 1000 829 1061 et
849 998 883 1060 in
906 997 1040 1061 vinculis
1064 996 1184 1061 detenti

377 1098 473 1164 Multi
495 1099 551 1183 qui
573 1114 629 1183 per
650 1102 764 1165 merita
786 1099 887 1166 Marie
910 1106 985 1166 sunt
1007 1100 1171 1186 redempti.

225 1394 330 1479 Quod
362 1420 457 1493 puer
490 1402 602 1472 natus
638 1403 697 1474 est
732 1401 777 1473 de
816 1403 968 1473 mortua
994 1401 1116 1474 matre
1142 1420 1208 1493 per
1235 1396 1384 1469 merita

643 1523 760 1595 Mario
788 1523 954 1617 virginis.
1329 1512 1331 1515 ’

252 1721 255 1726 ’
385 1730 445 1794 Ρο6
467 1735 595 1814 partum
618 1732 752 1816 quedem
774 1732 888 1797 mulier
910 1731 1072 1800 intantum
1093 1727 1300 1817 gravabatur,

386 1835 475 1911 Quod
499 1838 586 1920 prius
608 1837 666 1901 hec
688 1861 784 1922 quam
806 1841 931 1922 pareret
947 1860 1002 1920 per
1019 1840 1153 1902 mortem
1168 1834 1384 1918 plectebatur.

306 2029 309 2034 ⁴
386 1941 506 2007 Mansit
528 1948 635 2008 tamen
658 1944 762 2008 adhuc
783 1966 861 2028 puer
882 1944 916 2007 in
938 1941 1038 2026 ipsius
1062 1941 1153 2006 alvo'

308 2065 360 2103 6666
386 2046 486 2116 Vivus
509 2052 604 2132 atque
626 2049 797 2133 palpitans,
820 2049 906 2114 exitu
930 2070 995 2112 non
1018 2047 1123 2124 salv03

386 2150 537 2220 Astantes
560 2175 636 2239 ergo
658 2159 817 2219 mortuam
840 2154 980 2224 scindere
1002 2152 1161 2230 volebant,

388 2256 435 2322 Ut
457 2280 589 2341 puerum
611 2259 784 2342 eriperent3
808 2260 862 2324 sed
885 2259 964 2326 illud
986 2259 1179 2334 metuebant,

392 2362 425 2427 Si
449 2385 575 2448 quoquo
597 2364 691 2429 modo
712 2365 827 2430 mulier
849 2365 907 2432 hec
929 2364 1131 2442 incideretur,

389 2467 570 2532 infantulus
593 2468 626 2531 in
649 2474 740 2533 utero
762 2491 837 2535 mox
859 2469 1066 2538 suffocaretur

200 2642 202 2655 ,
314 2593 365 2638 6666
391 2574 442 2637 Ex
463 2596 573 2638 cruore
595 2574 749 2652 vulneris3
774 2576 829 2657 sed
851 2559 992 2660 quedam*
1007 2574 1213 2639 obstetricum

393 2677 450 2742 Ait
471 2677 541 2744 his:
566 2678 660 2744 »Non
682 2681 835 2745 faciamus
858 2682 979 2745 lactum
1001 2685 1068 2744 10666
1090 2680 1251 2764 iniquum!

394 2783 454 2855 Sed
477 2784 613 2849 Mariam
636 2784 711 2850 Jesu
734 2789 870 2864 matrem
893 2809 1000 2855 omnes
1024 2785 1215 2864 invocemus,

393 2891 438 2954 Et
460 2890 526 2955 eius
548 2889 735 2956 beneficium
756 2891 867 2956 statim
889 2892 1069 2969 sentiemus,

395 2993 441 3060 Ut
461 2999 610 3060 nascatur
632 2996 692 3061 iste
714 3018 793 3080 puer
814 3000 942 3061 mortua
964 2996 1001 3060 de
1023 2999 1144 3072 666016ος

317 3121 369 3158 6666
396 3100 481 3165 Nam
502 3101 572 3185 ipsa
594 3101 685 3186 virgo
708 3102 831 3186 peperit
853 3102 974 3185 prolem
996 3102 1063 3171 sine
1086 3104 1207 3189 patrer

399 3204 515 3273 Omnes
538 3227 614 3290 ergo
636 3207 797 3271 dominam
820 3205 956 3277 Mariam
978 3205 1178 3283 invocabant,

399 3309 446 3377 Ut
468 3333 524 3395 per
547 3334 615 3376 eam
639 3313 815 3376 salvaretur
832 3317 949 3395 'partus
973 3311 1156 3376 exorabant.

400 3416 517 3481 Statim
538 3417 575 3480 ad
600 3415 700 3481 Marie
722 3439 837 3482 nomen
859 3416 1036 3483 infantulus
1059 3421 1107 3480 est
1130 3418 1224 3481 natus

401 3523 529 3589 Mortuo
552 3524 589 3587 de
611 3544 742 3608 corpore
764 3528 796 3588 et
817 3521 917 3587 Jonas
940 3512 1126 3606 appellatus.

300 3851 403 3938 Quod
431 3851 489 3922 leo
505 3846 725 3943 reportavit
751 3845 871 3916 filium
898 3798 1122 3937 paupercule
1151 3810 1328 3911 mulieris.

328 4083 379 4121 6666
405 4060 520 4126 Mulier
542 4057 732 4144 paupercula
755 4055 890 4140 quedam
913 4056 944 4117 et
967 4052 1088 4129 devota,

406 4167 454 4231 De
477 4186 607 4229 numero
630 4161 770 4226 fidelium
793 4159 894 4227 Marie
915 4179 1040 4242 qnoque
1062 4158 1148 4234 66010,

407 4272 545 4339 Unicum
568 4291 604 4332 ac
626 4266 796 4352 parvulum
815 4265 918 4331 filium
940 4262 1088 4339 habebat,

408 4376 508 4458 Quem
529 4376 563 4441 in
586 4394 662 4460 agro
686 4372 811 4461 rapiens
833 4371 882 4436 leo
905 4367 1075 4434 deferebat.
