3000 5125
673 368 735 438 183

289 545 392 613 Acin
414 549 578 631 pastorum
600 548 701 632 glorie
723 552 779 614 tue
800 548 931 630 risione,

220 671 225 679 ·
290 650 328 718 In
350 651 573 739 triumquoque
593 674 761 739 magorum
783 654 976 735 adoratione,

289 757 386 822 Etis
410 779 519 823 eorum
540 781 707 825 munerum
729 760 970 844 presentatione.

289 863 336 929 Mi
358 863 458 929 dulcis
480 863 536 942 fili,
559 865 674 949 spiritu
696 870 772 934 tunc
793 866 927 930 nimium
948 865 1135 950 gaudebam,

208 987 264 1026 ⁶42⁶
289 967 369 1034 Cum
390 973 445 1034 tue
467 969 645 1035 nativitatis
667 971 712 1035 sic
734 970 870 1056 gloriam
891 970 1045 1035 videbam

287 1072 360 1139 Heu
380 1077 449 1139 me!
473 1095 557 1138 nunc
578 1074 730 1159 gaudium
753 1074 813 1139 boc
835 1096 961 1139 versum
982 1077 1031 1139 est
1051 1073 1086 1138 iu
1108 1074 1238 1154 luctum,

289 1178 397 1263 Atque
419 1183 473 1244 tue
495 1179 649 1264 passionis
672 1179 834 1246 doloribus
857 1178 1037 1245 obductum.

291 1281 353 1348 Fili
374 1283 429 1364 mi,
451 1305 471 1349 o
492 1284 540 1348 fili
561 1285 615 1363 mi,
638 1284 685 1349 fili
707 1285 762 1364 mi,
785 1308 804 1350 o
826 1284 889 1349 fili!

288 1385 405 1452 Tecum
427 1388 507 1452 mori
530 1387 618 1452 trade
639 1387 729 1469 mihi,
752 1387 793 1453 ds
814 1388 894 1453 mibi
914 1389 1006 1469 mori,
1028 1388 1090 1453 fili!

210 1510 265 1549 ⁶4³0
291 1489 340 1558 Ve
360 1492 451 1573 mihi,
474 1493 700 1584 persecutionis
722 1497 847 1579 tempus
868 1494 1053 1560 inchoatum

290 1596 350 1662 Est
371 1598 435 1663 cito
457 1601 568 1663 contra
589 1620 722 1682 puerum
745 1621 850 1664 meum
872 1621 973 1682 nuper
994 1601 1115 1664 ustum.

288 1701 373 1770 Nam
395 1703 480 1768 huuc
501 1703 565 1767 iam
587 1706 699 1767 natum
721 1703 824 1768 voluit
847 1703 986 1770 Herodes
1007 1703 1175 1783 trucidare,

288 1807 353 1874 Gur
374 1807 509 1893 cogebar
530 1808 564 1872 in
585 1807 751 1892 Egyptum
773 1808 968 1875 infantulum
988 1809 1111 1894 fugare.

288 1910 335 1977 Ve
357 1911 444 2004 mihi,
469 1917 545 1977 tunc
567 1912 728 1977 molestias
749 1913 867 1979 multas
890 1913 1084 1979 sustinebam

208 2035 263 2075 ⁵⁴³⁶
291 2015 351 2082 Per
372 2017 529 2083 desertum
552 2017 681 2097 heremi,
704 2038 778 2083 oum
799 2018 914 2085 timeus
936 2019 1118 2103 fugiebam

288 2121 382 2189 Sirim
403 2127 435 2188 et
456 2123 621 2208 penuriam
642 2145 793 2209 magnam
815 2123 864 2189 fui
886 2145 989 2208 passa,

286 2227 413 2294 Itineris
435 2227 597 2294 laboribus
619 2251 692 2313 sepe
714 2229 800 2293 facta
821 2230 922 2307 lassa3

289 2331 363 2400 Una
386 2356 456 2399 cum
479 2333 640 2399 infantulo
660 2355 732 2399 meo
754 2334 901 2419 vagiente

287 2436 391 2518 Sitim,
412 2437 540 2517 famem,
562 2438 678 2524 frigus,
700 2441 814 2517 estum,
836 2438 905 2522 ipsc
927 2439 1077 2522 patiente,

207 2562 260 2600 ⁶⁴4⁰
286 2542 322 2610 Iu
346 2544 475 2631 Egypto
497 2544 625 2629 proprio
648 2546 680 2609 te
700 2566 853 2609 manuum
874 2542 982 2609 labore

286 2651 445 2731 Enutrivi,
469 2650 515 2716 fili
537 2652 591 2729 mi,
614 2671 732 2736 magno
754 2672 826 2715 cum
848 2671 988 2726 merore3

286 2755 404 2821 Tecum
425 2758 459 2821 in
482 2756 586 2836 exilio,
611 2756 724 2821 dilecte
744 2755 800 2836 mi,
825 2755 991 2820 manebam

286 2859 413 2946 Septem
433 2864 527 2928 annis
548 2862 679 2927 exulans
701 2861 892 2945 paupercula
914 2858 1076 2947 degebam,

286 2966 364 3033 Cum
387 2972 493 3033 autem
514 2989 572 3032 nos
594 2967 635 3030 ab
658 2965 772 3051 angelo
795 2964 898 3030 vocati
920 2964 1091 3030 rediremus

207 3090 259 3130 sus
285 3071 330 3138 Et
350 3074 384 3137 iu
407 3072 551 3151 Judeam,
574 3094 645 3137 care
666 3071 721 3150 mi,
743 3092 816 3135 oum
837 3074 869 3135 te
891 3070 1116 3135 reduceremus.

287 3177 425 3244 Rursum
449 3177 656 3243 sustinuimus
679 3176 837 3261 plurimos
854 3174 979 3241 labores

286 3281 498 3350 Transeuntes
521 3283 693 3362 heremum,
718 3285 821 3346 estam
843 3285 875 3345 et
897 3280 1031 3365 algores.

286 3386 360 3455 Una
381 3394 486 3455 tecum
507 3391 604 3469 sitim,
626 3389 744 3454 famem
766 3408 916 3472 magnam
939 3408 1046 3451 sumus
1068 3386 1163 3470 passi,

285 3493 346 3560 Per
367 3497 482 3562 deserti
504 3495 595 3561 devia
616 3516 689 3578 sepe
710 3493 789 3559 facti
811 3492 896 3557 lassi.

208 3619 260 3658 ⁶4⁶0
287 3600 332 3666 Te
354 3601 469 3687 viginti
493 3622 607 3665 novem
628 3599 729 3678 annis,
751 3597 796 3662 mi
819 3596 929 3676 dulcis,
952 3596 1081 3661 educavi

285 3705 329 3771 Et
342 3729 493 3771 manuum
514 3705 675 3772 laboribus
697 3708 857 3787 utcunque
878 3702 1064 3767 sustentari.

285 3811 313 3877 0
335 3817 455 3897 quanta
476 3817 552 3878 tunc
574 3810 737 3877 dulcedine
760 3809 891 3894 spiritus
913 3805 1053 3887 fovebat,

286 3916 365 3982 Cum
386 3940 508 4002 semper
530 3917 594 3982 tuis
615 3915 760 3981 dulcibus
782 3912 948 3999 colloquiis
970 3911 1108 3977 fruebar.

285 4022 366 4087 Eras
389 4024 472 4088 euim
495 4023 574 4088 mihi
596 4022 678 4111 pius,
699 4020 788 4085 mitis
810 4022 842 4083 et
864 4022 1055 4096 mansuetus,

206 4147 258 4187 aas
284 4128 448 4214 Beniguus
471 4133 502 4193 et
524 4126 679 4206 amabilis,
703 4125 803 4191 dulcis
827 4128 859 4190 et
881 4124 1053 4199 discretus3

285 4233 414 4319 Semper
436 4240 469 4300 et
490 4235 711 4319 obtemperans
734 4253 802 4296 mee
824 4229 983 4296 voluntati

284 4337 397 4419 Fuisti,
420 4362 474 4405 seu
497 4339 690 4424 compatiens
712 4341 789 4402 tuuc
810 4334 998 4401 necessitati.
1062 4336 1065 4343 ’

284 4445 322 4515 Iu
345 4444 491 4511 omuibus
514 4444 661 4511 obediens
682 4442 763 4507 mihi
785 4440 943 4525 tu-fuissi,
