3000 5125
680 353 744 435 blei

210 548 266 589 θεοῦ
291 527 344 595 Ab
365 530 497 615 ipsoque
519 530 623 595 sensti
646 525 725 594 sunt
742 529 857 610 insani,
880 530 1005 612 furiosi,
1145 569 1149 578 ·

292 634 449 715 Lunntioi,
471 634 607 700 maniaci
630 656 685 710 seu
707 635 910 721 vertiginosi,

186 827 190 831 .
292 739 474 825 Hydropieo
496 740 551 826 qui
573 739 702 807 fuerent
723 729 881 807 tu'mentes
904 763 943 806 ex
965 741 1099 808 humore

292 846 336 911 Et
358 867 377 912 e
398 845 510 910 morbo
532 845 726 918 curabantur
748 868 805 930 per
826 844 938 912 Jesum
959 850 993 918 et
1014 850 1148 920 tumore.

295 948 357 1016 Per
382 948 504 1018 fluxum
528 948 769 1020 hemorroidunr
788 950 843 1034 qui
865 950 993 1026 fuerent
1012 951 1119 1022 vexati

212 1074 265 1112 θεοῦ
294 1053 367 1121 Sive
388 1055 575 1120 dissenteria
596 1077 652 1140 per
674 1053 785 1122 Jesum
807 1059 884 1122 sunt
906 1055 1017 1126 oureti

295 1159 409 1226 Cuncti
431 1159 486 1245 qui
508 1160 695 1226 infirmitate
718 1181 917 1245 quorumque
939 1161 1137 1228 vexabantur

293 1264 465 1331 Venientes
488 1265 528 1330 ed
550 1264 662 1332 Jesum
683 1266 799 1332 stetim·
816 1265 1019 1338 curabantur.

292 1369 379 1436 Nam
400 1391 508 1436 omnes
531 1369 726 1456 egritudines
748 1371 877 1435 morbos
900 1374 932 1436 et
952 1369 1124 1457 languores

293 1476 346 1541 Ab
367 1474 503 1540 infirmis
525 1475 645 1559 repulit
666 1473 761 1542 lesus
783 1479 817 1541 et
838 1475 971 1548 dolores.

213 1600 269 1637 ³⁸⁷⁰
295 1579 416 1646 Morbis
439 1582 471 1645 et
493 1579 655 1648 doloribus
677 1582 804 1666 gravati
827 1578 882 1665 qui
904 1580 1034 1649 fuerunt

293 1683 424 1751 Alesu
445 1683 572 1750 Christo
594 1685 763 1750 sanitatem
787 1685 914 1769 plenam
936 1688 1130 1770 reoeperunt

294 1789 432 1856 Cunctos
455 1790 650 1875 egritudines
672 1793 704 1855 et
725 1789 947 1856 infirmitatem

295 1894 347 1966 Ab
370 1895 458 1985 egris
480 1894 574 1965 Jesus
598 1896 726 1983 repulit,
747 1894 798 1961 his
820 1895 953 1962 reddens
975 1895 1154 1962 sanitatem

250 2269 355 2356 Quod
382 2270 557 2356 demones
584 2269 847 2344 clamaverunt
875 2268 1008 2340 contre
1034 2262 1178 2339 Jesum.

296 2532 447 2600 Obsessos
469 2531 651 2609 ademonio
673 2529 791 2605 multos
814 2527 981 2609 liberarit,¹

216 2646 270 2698 ³0⁷⁶
298 2639 482 2715 immundos
504 2638 552 2709 ab.
568 2635 760 2702 hominibus·
773 2635 905 2720 spiritus
927 2633 1070 2720 fugavit3

295 2744 363 2819 ssd
379 2767 492 2823 summ
513 2743 698 2828 corporibus
721 2741 869 2817 demones
891 2739 992 2822 eieoit

295 2851 360 2917 Eos
382 2852 423 2917 ob
446 2850 628 2917 hominibus
651 2848 856 2932 recederequs
878 2845 965 2926 feeit,

296 2956 462 3022 Eiulentes
483 2955 622 3027 horridis
645 2953 781 3023 vooibus.
798 2951 991 3028 clamabant,

295 3063 416 3141 Contra
436 3063 486 3135 dei
508 3061 610 3125 filium
632 3059 771 3131 dieentes
792 3055 1078 3140 blasphemabant:

218 3187 271 3225 seeo
301 3166 554 3246 ›Jesu10hn'ste
577 3165 625 3233 fili
647 3161 834 3242 dei‚'seouli
850 3163 983 3240 creator,

298 3272 374 3354 Geli,
397 3278 488 3351 terro-
503 3271 658 3349 eonditor,
681 3267 800 3339 inferni
821 3267 1020 3334 devastator!

297 3377 365 3444 Nos
389 3401 408 3443 a
430 3378 547 3449 nostris
569 3376 695 3442 sedibus
718 3374 757 3437 de
779 3372 846 3439 oelo
868 3370 1014 3455 repulisti

297 3483 341 3549 Et
363 3483 481 3549 inferni
504 3481 804 3557 tenebrisdeieotos
824 3476 992 3555 telesini,

298 3589 342 3654 Et
363 3589 526 3665 hominem
548 3610 642 3674 quem
663 3586 785 3651 socium
807 3581 954 3666 supplicii
977 3579 1102 3657 dedisti,

220 3713 272 3751 ³⁸⁸⁶
299 3693 393 3760 Hunc
412 3693 538 3771 auferre
560 3691 715 3757 violenter
737 3712 758 3754 a
779 3688 873 3753 nobis
894 3690 937 3751 tu.
952 3683 1077 3750 venisti.

297 3797 461 3884 Numquid
484 3796 545 3862 tibi
567 3795 687 3860 suffieit
709 3793 849 3859 celorum
872 3788 1019 3867 altitudo,

298 3906 343 3969 Et
363 3905 462 3973 totius
484 3900 582 3968 seculi
603 3904 687 3966 terre
708 3896 872 3964 latitudo?

299 4008 382 4086 Quin
405 4009 501 4075 etiam
523 4007 690 4073 extendere
714 4009 805 4069 tuem
827 4001 1026 4067 maiestatem

283 4113 350 4180 ·Ad
372 4114 539 4185 infernum,
556 4111 718 4196 cupisset
740 4112 885 4175 nostram
906 4105 1135 4191 potsnrsme

221 4240 273 4278 ³⁸⁹⁰
300 4220 467 4293 Debellere
489 4219 616 4284 studens
639 4221 671 4282 et
693 4219 837 4281 nostram
860 4216 1025 4296 asportare
1163 4212 1166 4219 “

300 4324 431 4395 Predam
456 4327 488 4389 et
509 4323 679 4413 imperium
701 4322 847 4397 nostrum
871 4317 1045 4384 devastare.
