3000 5125
783 341 846 415 lso

395 520 529 590 invase
551 523 666 603 stabat,
690 528 759 588 erat
781 523 866 587 enim
889 525 978 586 aceto
998 544 1053 587 vas
1078 517 1243 606 repletum

397 627 486 720 Tunc
507 629 619 713 implet
641 649 724 692 unus
746 627 915 712 spongiam
937 631 1026 692 noeto
1048 627 1288 719 circumponens

318 751 371 789 ⁶³1⁵
398 733 542 817 Ysopum
564 737 596 797 et
619 733 727 797 lancea
748 732 917 816 spongiam
940 731 1124 816 imponens,

396 838 448 902 Ad
471 861 505 903 os
528 835 604 902 Jesu
627 858 699 902 oum
720 840 809 901 aoeto
832 836 999 923 spongiam
1022 836 1159 914 tenebat,

397 942 449 1008 Sic
470 947 594 1007 acetum
616 963 732 1026 sugens
755 940 848 1006 Jesus
870 942 909 1006 de
932 941 1066 1025 spongia
1088 942 1228 1022 bibebat,

395 1049 439 1113 Et
453 1049 550 1112 dixit:
575 1046 857 1112 ›Consummatum
872 1050 952 1126 est«,
973 1068 1045 1110 oum
1059 1050 1236 1129 sumpserat
1252 1051 1401 1126 anetum,

399 1152 466 1217 »De
488 1175 539 1217 me
561 1152 646 1236 quod
668 1152 822 1235 seriptum
844 1150 963 1230 fuerat,
994 1153 1099 1215 totum
1121 1155 1169 1215 ost
1189 1151 1400 1235 impletum«

319 1277 372 1314 ⁶³2⁰
398 1257 539 1322 Rursum
560 1256 653 1322 Jesus
676 1278 796 1341 magna
816 1278 891 1321 vooe
913 1256 1058 1321 clamitat
1080 1256 1120 1320 ad
1143 1257 1256 1321 deum:

400 1361 457 1428 »In
478 1360 591 1427 manus
612 1368 684 1428 tuas
706 1362 855 1445 spiritum
877 1360 1071 1441 commendo,
1094 1365 1194 1445 pater,
1217 1383 1361 1426 meum«

398 1467 442 1531 Et
462 1468 615 1532 inclinato
637 1470 740 1553 eapite
762 1466 908 1550 spiritum
931 1467 1046 1546 emisit,

397 1574 456 1638 Sed
479 1574 579 1639 deitas
602 1596 658 1639 neo
680 1574 829 1653 animam,
854 1596 911 1638 nee
932 1594 1046 1657 eorpus
1068 1575 1145 1636 tuno
1167 1570 1299 1651 dimisit,

397 1678 485 1742 Licet
506 1700 620 1762 eorpus
642 1700 726 1743 mors
750 1683 864 1743 nature
886 1679 927 1742 ab
950 1677 1057 1742 anima
1079 1676 1242 1761 disjunxit,

323 1801 374 1838 ⁵³2⁶
401 1782 468 1847 Heo
491 1783 585 1850 ambo
607 1786 714 1847 tmen
737 1783 837 1848 deitas
859 1804 1024 1848 remanens
1046 1782 1227 1866 conjunxit;

398 1885 437 1950 ln
459 1887 603 1970 sepulcro
625 1888 725 1951 deitas
748 1909 818 1952 oum
841 1909 972 1972 corpore
994 1886 1156 1968 remansit,

400 1990 452 2055 Ad
474 1991 634 2056 infernum
656 1992 765 2056 eadem
787 2014 859 2056 oum
880 1992 1049 2077 animaque
1070 1992 1204 2070 transit;

402 2094 453 2161 Sic
475 2118 588 2181 eorpus
609 2089 784 2181 nunquam¹
796 2097 898 2161 caruit
920 2097 1047 2162 deitatis
1069 2098 1144 2177 vita,

399 2200 443 2264 Et
466 2201 573 2266 vivens
595 2224 717 2286 semper
739 2203 845 2267 anima
866 2202 929 2267 fuit
950 2202 1010 2267 hae
1031 2203 1164 2267 munite.

246 2520 299 2596 De
325 2520 478 2619 planetu
499 2521 617 2597 Maris
635 2522 790 2618 virginis
817 2546 902 2597 oum
921 2521 1015 2596 vidit
1041 2521 1158 2595 filium
1188 2521 1395 2617 expirasse.

323 2751 374 2788 esso
400 2731 504 2795 Maria
524 2735 626 2796 mater
647 2731 750 2796 filium
772 2753 843 2796 oum
866 2732 946 2797 vidit
968 2733 1136 2815 expirasse,

398 2835 631 2921 Ipsumquoque
653 2837 844 2901 moriturum
866 2837 988 2902 audivit
1011 2837 1055 2902 sio
1078 2839 1239 2918 clamasse,

400 2940 439 3005 In
461 2941 568 3006 dolore
589 2944 680 3006 tanto
703 2942 806 3006 oordis
828 2942 918 3007 stetit
941 2943 1124 3027 adgravata,

400 3045 574 3130 Tantisque
596 3046 731 3111 miseriis
754 3046 818 3111 fuit
841 3051 980 3127 onerata,

399 3148 489 3225 Quod
513 3151 623 3234 nequit
644 3151 704 3215 hoo
726 3150 768 3216 ab
789 3151 918 3216 bomine
940 3173 1100 3236 quoquam
1122 3152 1274 3231 estimari,

328 3271 379 3309 ⁶³³⁶
405 3252 473 3317 Nec
496 3254 535 3318 ab
558 3254 624 3319 ullo
646 3255 738 3320 eorde
761 3260 867 3341 potest
887 3256 968 3320 illud
989 3257 1134 3341 cogitari,
1180 3252 1188 3257 ⁶

399 3356 460 3423 Sed
483 3358 604 3423 adverti
626 3362 754 3443 poterit,
777 3365 932 3446 quantum
953 3361 1024 3446 quis
1047 3363 1176 3442 doleret,

289 3510 290 3513 η
401 3460 436 3526 Si
458 3485 550 3527 suum
572 3466 774 3549 unigenitum
796 3488 902 3530 coram
924 3489 957 3531 se
978 3466 1100 3532 videret

400 3557 479 3631 (inm
502 3570 669 3633 tormentis
692 3571 788 3635 variis
810 3574 878 3636 turn
900 3571 967 3635 dire
989 3571 1133 3653 eruciari,

324 3660 329 3670 ’
400 3670 461 3734 Per
483 3670 543 3737 hoo
565 3674 654 3738 dolor
677 3675 811 3760 virginis
833 3680 940 3760 potest
960 3676 1110 3742 estimari.

321 3794 373 3830 saio
399 3774 469 3839 Hoo
490 3780 597 3842 tamen
619 3800 684 3843 non
707 3784 755 3843 est
776 3780 879 3845 simile
902 3781 1036 3866 virginis
1058 3781 1170 3862 dolori,

398 3880 498 3955 Quem
521 3880 659 3947 habebat
681 3882 784 3948 filium
806 3906 878 3949 oum
900 3907 992 3949 suum
1014 3886 1096 3952 vidit
1117 3888 1217 3963 mori3

398 3983 473 4048 Non
495 3984 599 4051 solum
621 3986 683 4051 sibi
705 3987 791 4052 filius
813 3989 883 4069 fuit,
907 3990 961 4054 sed
984 3994 1016 4054 et
1038 3995 1139 4074 pater,

399 4088 443 4151 Et
465 4110 521 4153 sue
543 4110 676 4173 sponsus
699 4092 813 4170 anime,
837 4093 982 4159 dominus
1005 4099 1038 4159 et
1059 4094 1168 4176 frater,

399 4193 446 4257 Ao
468 4194 612 4277 provisor
637 4198 703 4261 eins
726 4201 805 4278 erat,
828 4203 924 4284 atque
946 4205 1142 4283 procurator,

305 4317 372 4371 ,⁵⁸4⁶
398 4298 537 4383 Viteque
559 4302 734 4367 subsidium
758 4308 790 4368 et
812 4304 882 4387 pius
904 4304 1100 4383 consolator3

398 4402 477 4470 Eius
499 4405 683 4492 pedagogus
706 4412 775 4472 erat
798 4412 830 4473 et
852 4408 1032 4493 auxiliator,
