3000 5125
692 425 734 495 67

295 604 366 673 aa
387 581 586 672 feratis
608 603 752 669 renuitur
773 605 884 684 sarim
906 606 1047 671 sanias.

211 726 268 764 1888
294 710 454 776 Exeuntes
477 710 661 778 obstetrices
686 710 793 794 palam
815 712 1009 782 nuntiabant

295 813 343 879 Ao
365 815 414 878 dei
437 813 600 899 magnalia
621 815 742 878 cunctis
770 815 991 899 propalabant,

294 919 460 986 Dicentes:
488 917 589 995 »Quia
611 919 747 984 uidimus
770 941 888 984 novum
910 920 1038 1006 signum
1061 918 1191 997 fautum,

236 1023 239 1029 ‘
295 1021 456 1108 Peperisse
478 1025 612 1110 virginis
635 1029 760 1090 uterum
784 1025 951 1104 intactum,

295 1127 490 1198 Nuntiamue
514 1129 661 1195 omnibus
682 1150 836 1215 magnum
858 1129 978 1198 factum
1001 1130 1126 1208 mirum

212 1250 268 1287 1888
296 1231 448 1300 (tenuisse
471 1234 629 1321 virginem
652 1257 713 1319 que
735 1258 900 1318 nunquam
922 1238 1013 1300 norit
1037 1236 1150 1300 virum.

218 1371 222 1376 -
296 1336 441 1404 Vidimus
464 1344 497 1404 et
518 1338 617 1405 ubera
638 1339 742 1424 puelle
764 1340 860 1424 plena
881 1340 985 1418 laetis,

295 1443 449 1510 claustris
471 1443 623 1529 pudicitie
646 1445 761 1509 nausia
784 1449 817 1509 et
838 1445 987 1518 intactis;

296 1548 441 1616 Vidimus
461 1554 496 1614 et
518 1572 651 1633 puerum
673 1550 813 1633 positum
836 1550 870 1613 in
892 1552 993 1628 cunis,

296 1656 398 1743 Virgo
420 1679 515 1741 quem
537 1661 692 1743 genuerat
713 1657 856 1721 libidinis
879 1658 1046 1728 immunis;

215 1780 268 1817 1811
295 1760 442 1827 Vidimus
465 1767 499 1827 et
521 1767 647 1827 uterum
668 1763 956 1828 incontaminatum

294 1865 326 1930 A
347 1866 409 1931 viri
430 1867 580 1951 contagio
603 1867 760 1951 peperisse
782 1871 903 1931 natum.

296 2077 341 2142 Et
363 2077 503 2163 gestavit
524 2077 625 2141 inscia
646 2078 842 2161 gravaminis
864 2077 1001 2155 laboris3

294 2180 402 2267 Atque
421 2182 493 2247 sine
514 2182 655 2265 eorporis
678 2183 802 2265 peperit
824 2182 931 2246 dolore

216 2305 270 2341 1811
298 2285 346 2351 Aa
366 2287 435 2352 sine
457 2287 616 2371 puerperii
637 2286 740 2378 signis
762 2291 795 2351 et
817 2310 948 2352 merore

295 2391 384 2458 Siout
408 2394 525 2457 vitrum
547 2397 694 2477 penetrat
715 2393 822 2457 radius
845 2393 958 2468 solaris

296 2496 363 2564 Neo
384 2502 491 2564 tamen
515 2498 633 2562 vitrum
655 2498 828 2583 frangitur,
849 2498 895 2563 sic-
917 2503 1028 2565 venter
1052 2500 1218 2584 virginalis

296 2590 506 2690 Nequaquam
529 2604 743 2688 eorrumpitur
766 2627 803 2668 ex
825 2609 974 2668 nascente
996 2605 1085 2689 prole

297 2708 360 2774 Seu
382 2710 501 2774 vitrum
522 2731 587 2773 non
609 2709 786 2773 destruitur
807 2713 1027 2793 transparente
1049 2711 1125 2774 sole.

280 2949 383 3057 Quod
411 2948 532 3024 Maria
558 2951 684 3045 posuit
712 2974 869 3045 puerum
896 2951 935 3022 in
962 2949 1142 3046 presepia.

219 3155 271 3192 1888
298 3135 402 3200 Maria
424 3158 516 3199 sunm
540 3157 672 3218 puerum
695 3135 809 3218 pannis
831 3134 1024 3211 involvebat,

296 3239 334 3304 In
357 3239 446 3304 bovis
467 3242 501 3303 et
522 3240 557 3302 in
580 3239 662 3303 asini
684 3239 828 3322 presepio
851 3237 999 3322 ponebat.

296 3344 469 3410 Nascentes
492 3345 549 3408 bos
571 3345 733 3408 atesinus
756 3365 850 3407 suum
872 3347 1046 3407 creatorem

298 3451 412 3519 Coram
433 3473 466 3515 se
487 3450 667 3533 depositum
689 3448 842 3514 exhibent
869 3448 1022 3512 honorem

298 3556 365 3622 Sibi
388 3578 446 3620 sua
468 3577 573 3641 genua
595 3555 707 3619 devote
728 3553 943 3619 oonflectendo

219 3681 271 3717 1888
297 3662 341 3726 lot
363 3684 435 3726 eum
457 3661 551 3725 simui
575 3660 752 3725 adorabant
774 3660 950 3723 interram
972 3648 1217 3745 procumbendo.

297 3766 375 3831 Esse
397 3790 489 3830 suum
508 3771 684 3830 oreatorem
706 3767 849 3829 iumenta
870 3767 1087 3850 cognoverunt

300 3872 491 3938 inclinantes
513 3894 619 3957 genua
640 3893 698 3936 neo
720 3873 806 3936 ultra
827 3870 1039 3934 comederunt.

298 3975 444 4042 Noseunt
465 3977 694 4041 inoarnationis
718 3967 980 4040 dei'saerimenta

298 4081 476 4147 Adorantes
498 4102 632 4166 puerum
653 4083 747 4146 deum
771 4081 828 4144 hec
850 4080 1002 4144 iumenta.

272 4317 467 4391 Canticum
495 4317 635 4413 Joseph
663 4318 702 4388 in
730 4316 973 4420 nativitatem
1002 4314 1153 4385 Christi.

221 4519 272 4556 1888
298 4497 419 4584 Joseph
441 4522 516 4565 vero
539 4499 698 4563 canticum
719 4498 822 4562 laudis
845 4495 1045 4574 decantabat,

1043 4601 1057 4653 5
1069 4601 1082 4628 a
