3000 5125
702 394 765 462 173

234 584 288 623 1111
314 565 377 632 Ρ1ο
399 572 432 633 te
455 569 536 634 mori
558 571 599 635 da
618 571 697 637 mihi
720 573 770 638 vel
792 577 898 639 tecum
920 574 1002 638 mori
1024 574 1088 639 fili!

279 721 283 730 .
312 670 370 754 Ve,
393 674 421 738 si
442 696 547 740 meum
572 676 722 742 miserum
743 699 798 743 cor
820 679 913 745 modo
937 684 1145 764 rumperetur,

313 779 358 843 Et
379 801 449 845 mea
471 802 544 845 cum
565 781 632 848 filio
653 804 738 848 nunc
760 784 827 849 vita
849 785 1032 850 tolleretur!

312 880 375 946 Fili
397 883 451 963 mi,
475 885 563 951 ofili
586 886 948 975 1111,11111111,ο11111ο

313 986 377 1054 Pro
399 994 431 1055 te
454 991 536 1071 mori
558 992 599 1057 da
620 993 701 1057 mihi
723 993 773 1059 vel
796 997 899 1059 tecum
923 994 1005 1060 mori
1026 994 1112 1059 filit«

1189 1143 1207 1184 b

483 1308 588 1395 Quod
615 1334 706 1385 crux
733 1314 882 1387 elevata
909 1316 979 1387 cst.

232 1534 286 1572 ⁶10⁰
313 1515 428 1584 Postea
449 1522 586 1585 tortores
608 1540 733 1585 crucem
756 1520 885 1605 erigunt
907 1521 1071 1604 iacentem,

314 1620 359 1687 Et
379 1622 412 1687 in
437 1646 474 1688 ea
495 1622 606 1688 Jesum
628 1625 677 1690 dei
699 1624 801 1689 filium
824 1625 1033 1709 pendentem.-

316 1726 422 1811 lpsam
444 1751 567 1794 crucem
589 1734 737 1796 statuunt
757 1731 791 1795 in
813 1731 951 1816 lapidem
973 1737 1120 1797 cavatum

315 1831 403 1899 Inter
425 1836 502 1918 duos
524 1835 675 1917 latrones,
701 1837 758 1921 qui
779 1842 909 1922 propter
930 1842 1054 1927 reatum

314 1936 370 2003 Sui
393 1940 552 2007 latrocinii
573 1942 704 2008 filerunt
725 1943 867 2023 cruciati,

236 2060 289 2099 uos
315 2044 360 2110 Et
381 2045 415 2109 in
438 2044 558 2113 Christi
579 2048 724 2133 passione
746 2052 852 2113 morta
873 2048 1082 2115 condemnati.

314 2148 402 2216 Inter
423 2151 496 2217 illos
520 2152 659 2218 latrones
681 2151 775 2218 Jesus
798 2157 846 2218 est
868 2175 1047 2237 suspensus,

313 2256 359 2322 Et
380 2257 490 2325 dumus
511 2258 689 2325 latronibus
713 2259 872 2345 affligitur
894 2262 1051 2325 extensus.

146 2575 211 2649 De
232 2574 358 2649 dolore
370 2577 488 2651 Maria
503 2600 589 2651 curn
602 2579 697 2652 vidit
709 2578 829 2651 filium
844 2602 954 2652 suurn
969 2578 1107 2653 elevari
1128 2579 1167 2650 in
1184 2600 1303 2652 eruce.

315 2785 391 2853 Jesu
413 2793 515 2855 mater
537 2790 654 2855 elevari
676 2811 799 2854 crucem
822 2811 894 2854 cum
915 2789 1045 2869 videret,

314 2892 359 2959 Ilt
381 2894 492 2960 unicus
514 2895 548 2959 in
572 2918 609 2961 ea
630 2918 705 2961 snus
729 2894 815 2960 filius
838 2895 998 2978 penderet,

236 3014 289 3055 suo
314 2996 353 3062 In
375 2999 482 3066 dolore
504 3004 595 3065 tanto
617 3001 719 3066 cordis
742 3000 833 3066 stetit
854 2999 1069 3079 lamentando,

314 3102 394 3170 Tam
417 3107 638 3173 miserabiliter
660 3106 749 3172 flevit
771 3107 928 3186 eiulando,

316 3209 406 3287 Quod
428 3212 585 3296 scriptura
606 3212 695 3277 nulla
718 3212 803 3277 valet
824 3211 904 3276 illud
926 3210 1104 3296 explanare,

314 3314 382 3382 Nec
404 3317 545 3384 humana
565 3318 678 3404 lingua
700 3321 806 3402 potest
827 3316 861 3381 in
883 3316 1012 3401 plenum
1035 3313 1176 3382 recitare.

159 3617 265 3704 Quod
292 3620 429 3694 diversi
458 3622 639 3694 clamores
666 3619 809 3692 fiebant
843 3641 928 3691 cum
954 3616 1065 3691 lesus
1092 3616 1306 3689 elevaretur

543 3745 582 3816 in
607 3764 718 3818 curce
743 3741 918 3839 pendens.

314 3949 403 4037 Ergo
425 3973 496 4017 eum
518 3951 558 4016 ad
581 3973 704 4016 crucem
725 3948 819 4015 Jesus
842 3949 957 4014 affixus
979 3948 1148 4028 levaretur,

236 4075 288 4114 ⁶11⁶
314 4057 359 4122 Et
379 4058 414 4122 in
436 4080 546 4142 rupem
569 4057 639 4141 ipsa
661 4079 739 4121 crux
761 4060 905 4121 cavatam
927 4056 1095 4134 locaretur,

218 4238 221 4242 Δ
313 4162 428 4229 Fiebat
450 4163 568 4229 clamor
591 4164 747 4228 maximus
771 4184 883 4228 vocum
902 4161 1108 4237 diversarum,

314 4266 494 4333 Letantinm
518 4272 550 4334 et
571 4268 725 4348 flentium,
749 4267 889 4332 lamento
900 4266 1131 4343 'lacrimarum

294 4371 450 4448 'Quidam
471 4374 555 4439 enim
577 4373 767 4438 insultantes
791 4371 902 4437 Jeaum
924 4368 1174 4449 conclamabant,
1248 4401 1251 4407 ν

314 4479 511 4564 Derisorunt,
533 4479 774 4547 subsannabant
795 4484 890 4565 atque
911 4473 1198 4564 blasphemabant3
