3000 5125
782 290 846 356 248

322 492 374 530 ⁷³⁸⁰
400 470 517 538 Statim
540 491 665 555 quoque
687 468 857 533 sanitatem
878 464 1005 548 recepit,
1030 484 1126 547 quum
1149 461 1280 547 optavit,

397 578 443 643 Et
463 576 574 643 Jesum
596 575 647 641 dei
668 574 770 639 filium
793 593 859 638 esse
881 568 1064 654 predicavit.

330 895 435 980 Quod
463 892 607 967 Judeus
633 890 804 985 portavit
830 890 998 984 palmam
1025 889 1071 962 ud
1101 888 1304 962 ciuitatem.

401 1101 513 1166 Petrus
535 1101 598 1166 ait:
624 1100 743 1165 »Eceel
767 1121 851 1163 nunc
873 1098 1005 1163 rehabes
1025 1098 1211 1173 sanitatem

400 1206 488 1292 Ergo
511 1205 587 1270 tolle
609 1205 747 1289 palmam
770 1204 853 1269 hane
875 1208 907 1268 et
929 1205 1015 1268 intra
1036 1204 1208 1282 civitatem,

402 1313 446 1377 ut
468 1333 550 1395 pone
571 1333 666 1394 super
688 1311 806 1376 debiles
828 1309 972 1374 infirmes
995 1313 1026 1374 et
1047 1310 1245 1393 languentes,

325 1437 376 1474 7³³⁶
403 1417 507 1495 Ceres,
532 1420 636 1481 mutus
658 1420 755 1500 atque
777 1416 898 1494 surdus,
922 1419 954 1480 et
976 1436 1119 1497 gressum
1141 1434 1206 1476 non
1221 1413 1384 1486 habentem

403 1522 494 1586 Hanc
516 1523 654 1605 palmam
677 1522 733 1606 qui
755 1522 898 1606 tetigerit
920 1525 1058 1585 resumet
1079 1520 1258 1597 sanitatem,

408 1626 445 1690 Iu
469 1625 630 1692 Christum
653 1625 680 1689 si
703 1625 870 1690 crediderit
891 1629 923 1689 et
945 1625 1011 1689 eius
1034 1625 1242 1689 maiestatem.

404 1730 578 1796 Assumens
601 1752 677 1815 ergo
698 1732 837 1814 palmam
860 1731 912 1795 hie
934 1731 1068 1795 intrauit
1088 1730 1259 1808 civitatem,

402 1837 577 1920 Multisque
599 1836 740 1900 restituit
763 1835 928 1919 perillam
951 1836 1131 1900 sanitatem.

327 1960 377 1996 ⁷³⁹0
403 1940 489 2007 Nam
512 1942 700 2026 quicumque
723 1941 886 2006 Christum
908 1940 1017 2006 Jesum
1040 1941 1164 2005 credere
1186 1938 1324 2016 volebat,

293 2113 295 2115 ,
402 2047 448 2111 Et
469 2050 496 2110 si
519 2048 656 2130 palmam
679 2047 768 2111 illam
791 2047 887 2112 semel
910 2047 960 2111 vel
982 2046 1093 2111 leviter
1115 2044 1280 2129 tangebat,

403 2148 456 2214 Ab
477 2150 675 2216 infirimitete
697 2173 756 2216 sua
777 2172 973 2235 quecumque
995 2150 1173 2228 tenebatur,

404 2255 465 2320 Per
487 2257 638 2323 virtutem
660 2256 794 2341 virginis
816 2256 918 2322 Marie
939 2256 1119 2321 curabatur.

302 2573 405 2659 Quod
434 2574 521 2646 alba
548 2573 666 2646 nubes
693 2576 861 2668 protexit
889 2576 1044 2648 arebam
1072 2577 1112 2647 et
1140 2574 1338 2669 apostoles,

406 2783 483 2847 Post
504 2782 624 2847 fectum
646 2783 706 2847 hoc
728 2784 864 2868 apostoli
886 2785 1046 2849 dominam
1068 2785 1204 2850 Mariam

328 2907 379 2944 ⁷³⁹⁶
405 2888 616 2971 Deportantes
638 2894 856 2972 porrexerunt,
880 2912 975 2973 quam
998 2896 1145 2973 ceperant
1168 2913 1225 2975 per
1248 2891 1345 2969 viem;

407 2992 467 3056 Sed
489 2992 563 3055 alba
584 2992 683 3056 nubes
706 3015 800 3076 super
824 2993 953 3057 erchem
975 2994 1015 3059 ab
1038 2993 1123 3077 ipsos
1145 2998 1194 3059 est
1216 3000 1342 3060 extensa

407 3097 475 3174 Que
497 3098 636 3181 protexit
659 3098 867 3179 ambulantes,
891 3099 949 3164 hec
971 3104 1040 3164 erat
1062 3102 1108 3164 itu
1130 3099 1236 3179 densa,

407 3203 497 3278 Quod
520 3203 626 3267 nullus
648 3203 824 3270 infidelium
846 3206 905 3271 hos
927 3210 1054 3289 poteret
1076 3207 1190 3285 videre,

408 3306 475 3372 Nec
498 3330 654 3374 aceessum
678 3309 718 3373 ad
740 3332 793 3374 eos
815 3310 886 3394 quis
909 3310 1010 3375 veluit
1030 3311 1156 3376 hebere.

391 3621 494 3706 Quod
522 3623 682 3716 apostoli
709 3624 937 3717 sepelierunt
964 3648 1098 3720 eorpus
1125 3627 1253 3700 Marie.

332 3851 383 3886 ⁷⁴⁰⁰
409 3829 461 3894 Ad
483 3831 598 3896 vallem
621 3854 697 3918 ergo
720 3830 879 3916 Josaphat
899 3840 970 3898 eum
993 3834 1104 3900 funere
1128 3840 1281 3900 venerunt

407 3935 452 4000 Et
474 3936 652 4019 sepulcrum
674 3942 878 4022 preparatum
900 3940 1054 4003 mundum
1075 3940 1275 4017 invenerunt,

409 4038 447 4103 In
470 4061 533 4124 quo
556 4062 669 4124 eorpus
693 4042 827 4127 virginis
850 4043 952 4108 Marie
974 4049 1148 4128 posuerunt

409 4144 547 4209 Etcum
571 4144 765 4210 aromatibus
786 4148 866 4212 illud
889 4148 1105 4215 condiverunt.

717 4338 719 4341 Ι
818 4273 836 4313 s

322 4371 390 4425 7399
409 4370 432 4426 G
451 4371 508 4427 und
526 4371 546 4425 Z
564 4373 677 4443 poterat
696 4374 770 4429 stett
788 4374 887 4431 veluit.
