3000 5125
754 400 818 477 itt

286 606 339 643 ⁸⁷⁰⁰
366 587 413 655 Ut
436 579 496 673 ego
518 581 728 672 penitentiam
748 587 871 651 eunctis
894 585 1100 671 predicarem,

366 691 414 758 Ac
435 693 470 757 in
492 691 643 757 Jordanis
664 691 798 756 flumine
815 690 974 756 contritos
996 691 1206 775 bambanem,

363 797 499 863 Dicens:
521 795 560 862 In
584 819 678 882 quem
700 797 851 881 spiritum
872 801 1018 862 sanctum
1040 797 1285 863 descendentem

365 900 497 967 Videbis
520 903 609 968 etin
632 903 735 986 specie
757 901 904 968 columbe
926 901 1127 982 residentem,

364 1007 427 1072 Hic
448 1009 482 1071 in
505 1011 616 1072 sancto
636 1008 754 1091 spiritu
775 1010 906 1072 cornetae
928 1006 1114 1091 baptizabit,

288 1132 340 1170 ⁸2⁰⁵
367 1114 411 1177 Et
433 1134 507 1177 vere
528 1112 744 1197 penitentibus
767 1115 895 1196 peccata
917 1110 1073 1176 relaxabit
1084 1115 1112 1176 t«

213 1492 317 1578 Quod
345 1493 456 1565 Jesus
483 1492 641 1564 intravit
667 1492 706 1564 in
734 1493 925 1566 desertum
959 1492 1024 1565 ubi
1050 1493 1320 1587 temptabatur
1350 1521 1376 1569 a

703 1617 865 1689 diabulo.
984 1669 986 1677 ,

368 1851 447 1916 Post
468 1850 530 1915 hoc
551 1848 645 1915 Jesus
666 1849 701 1914 in
723 1850 883 1916 desertum
905 1851 1022 1916 iterum
1044 1851 1189 1930 intravit,

368 1956 481 2041 Ibique
502 1978 634 2021 manens
657 1955 871 2040 quadraginta
894 1956 960 2022 dies
981 1956 1146 2035 ieiunavit,

368 2061 477 2147 Atque
499 2060 628 2126 deitatis
651 2081 707 2124 me
730 2060 852 2125 deliciis
874 2061 1010 2141 vaeavit,

327 2190 331 2197 ·
368 2165 501 2232 Necnon
523 2186 581 2249 pro
603 2165 706 2230 salute
729 2163 840 2229 mundi
862 2169 986 2249 patrem
1008 2165 1163 2230 adoravit.

292 2290 343 2327 ³⁷1⁰
371 2270 423 2335 Ad
445 2271 550 2355 ipsum
573 2275 650 2334 tunc
670 2268 817 2334 diabolus
838 2273 1014 2354 tarnptator
1032 2271 1205 2336 accedebat

371 2377 477 2460 Atque
498 2374 653 2459 quosdam
675 2374 797 2458 lapides
817 2373 881 2438 eibi
903 2376 1109 2459 preponebat.

372 2479 455 2544 »Fac
477 2479 588 2544 erbis
611 2478 771 2564 lapidibus
793 2500 923 2563 panes«,
946 2479 1051 2545 dicens
1074 2481 1113 2560 ei,
1199 2537 1201 2542 ,

373 2584 440 2651 »Ut
461 2585 597 2669 probare
618 2584 753 2663 valeam,
776 2585 804 2649 si
826 2584 912 2650 filius
934 2585 978 2649 sis
1001 2585 1083 2651 dei«

368 2689 462 2756 Jesus
484 2690 547 2755 ait:
573 2688 698 2754 »Homo
719 2710 785 2754 non
808 2712 847 2755 ax
868 2690 936 2755 solo
961 2712 1043 2775 pane
1064 2691 1154 2771 vivit,

293 2816 345 2853 ³⁷1⁵
372 2795 432 2861 Sed
455 2818 493 2860 ex
517 2795 614 2860 verbo
637 2794 721 2879 quod
743 2817 783 2860 ex
805 2817 860 2861 ore
881 2795 1001 2861 domini
1023 2797 1192 2880 prodivit«

372 2901 462 2966 Tunc
483 2905 658 2985 temptator
680 2902 773 2966 duxit
795 2916 867 2967 eum
888 2902 923 2966 in
943 2906 1087 2967 sanctam
1109 2902 1271 2967 civitatem

371 3006 479 3091 Ipsum
500 3006 546 3070 ibi
567 3010 712 3070 statuens
733 3007 768 3070 in
790 3006 903 3091 templi
925 3008 1151 3086 summitatem,

373 3112 504 3178 Dicenst
526 3110 554 3176 si
576 3115 612 3175 tu
635 3110 720 3175 filius
743 3133 776 3176 es
799 3111 859 3192 dei,
881 3116 914 3177 te
936 3111 1070 3191 dimitte,
1187 3142 1196 3158 ·

372 3214 528 3282 Daorsum
549 3237 672 3281 necnon
695 3218 906 3302 angelistuis
928 3221 961 3282 te
983 3217 1155 3298 committa

294 3342 346 3379 aruo
372 3323 454 3399 Quia
476 3324 515 3387 de
536 3326 570 3386 te
590 3323 746 3407 scriptum
768 3326 826 3402 est,
849 3322 932 3406 quod
955 3323 1079 3408 angelis
1101 3323 1275 3405 mandavit,

372 3427 420 3494 Ut
441 3446 564 3513 semper
585 3432 618 3492 te
639 3428 831 3508 custodiant,
853 3426 915 3492 hoc
936 3427 1014 3512 ipsis
1036 3428 1215 3513 imperavit.

373 3532 466 3598 Jesus
489 3534 551 3597 aits
575 3531 759 3618 »Scriptum
782 3534 936 3617 estquod
958 3534 1053 3599 deum
1074 3555 1139 3599 non
1161 3533 1339 3617 temptabis

373 3640 578 3704 Occasionem
600 3642 712 3702 contra
732 3642 766 3703 te
788 3656 846 3703 nec
867 3638 998 3703 inimico
1020 3639 1141 3703 dabis«

373 3743 463 3809 Tunc
484 3766 557 3809 cum
579 3743 657 3809 Jesu
679 3748 820 3809 montem
841 3743 946 3808 altum
967 3743 1113 3809 diabolus
1136 3744 1277 3808 ascendit

295 3870 346 3906 ³⁷2⁶
373 3851 417 3915 Et
438 3851 500 3935 ipsi
522 3855 637 3915 cuncta
659 3868 759 3935 regna
781 3849 892 3914 mundi
915 3850 1036 3933 pariter
1057 3849 1206 3928 ostendit,

372 3955 508 4020 Dicens:
535 3956 623 4021 »Iam
644 3957 703 4021 hec
726 3959 834 4021 omnia
855 3957 917 4021 tibi
939 3957 1012 4021 volo
1034 3957 1120 4035 dare,

373 4059 407 4126 Si
430 4065 467 4124 tu
488 4082 539 4125 me
561 4062 699 4125 volueris
721 4083 842 4145 pronus
864 4058 1025 4126 adorare«

373 4161 468 4228 Jesus
490 4166 553 4229 ait:
580 4165 688 4230 >Vade
710 4164 843 4245 stathan,
866 4166 960 4230 deum
984 4165 1151 4243 adorabis;

373 4268 443 4333 Hoc
464 4270 618 4355 scriptum
641 4275 689 4335 est
711 4274 744 4335 et
765 4270 872 4335 illitu
895 4288 1018 4355 semper
1040 4270 1269 4335 ministrabas

296 4393 347 4429 ³⁷³0
375 4372 465 4439 Tunc
487 4376 617 4460 reliquit
639 4398 712 4441 eum
734 4374 858 4441 Satban
881 4380 914 4440 et
936 4376 1045 4461 angeli
1068 4380 1234 4456 venerunt,

373 4477 440 4568 Ipsi
462 4482 545 4546 sicut
566 4481 702 4547 creatori
725 4500 783 4547 suo
803 4481 994 4547 servierunt.
