3000 5125
777 355 839 422 118

390 536 459 604 Nec
480 558 586 602 coram
607 490 754 600 fidelibus
774 533 905 600 fuerunt
926 533 1116 618 perpetrata.

390 643 532 728 Et'quia
553 641 745 705 consortium
769 639 873 704 adhuc
895 638 1122 724 discipulorum
1153 693 1155 698 .

391 746 461 813 Sibi
482 768 546 811 non
568 746 707 831 elegerat
729 767 786 809 nec
808 742 1032 830 apostolorum,

313 874 366 911 arco
392 854 454 931 Qui
476 852 610 917 virtutes
631 850 731 935 ipsius
754 833 880 934 scriptis
902 849 1166 930 commendarent,
1279 907 1283 913 .

393 957 518 1042 Suaqne
540 956 693 1022 miracula
713 955 833 1021 mundo
856 954 1069 1039 propalarent,

392 1063 460 1130 Nec
481 1084 515 1128 se
536 1060 630 1127 Jesns
651 1062 754 1127 voluit
776 1061 879 1126 adhuc
899 1060 1105 1125 manifestare

394 1168 502 1253 Atque
524 1190 614 1232 suam
636 1167 773 1253 gloriam
793 1167 911 1231 mundo
934 1166 1158 1231 demonstrare.

260 1315 263 1322 .
391 1274 452 1339 Est
472 1276 579 1338 tamen
587 1272 793 1352 ‘incredibile
816 1271 900 1356 quod
923 1271 1085 1335 annis-tot
1107 1271 1247 1351 vixisset,
1273 1287 1277 1295 ·

315 1396 366 1435 aros
393 1376 537 1442 Virtutes
559 1380 591 1442 et
612 1376 766 1442 miracula
787 1374 939 1460 nullaque
961 1374 1106 1454 fecisset,

391 1481 476 1547 Nam
499 1481 636 1567 qualiter
656 1482 709 1546 hic
731 1481 855 1560 vixerit,
879 1481 1036 1565 quomodo
1059 1483 1260 1547 conversatus

394 1587 496 1652 Annis
519 1588 561 1652 sit
583 1587 699 1672 viginti
720 1609 835 1652 novem
858 1591 890 1651 ct
912 1586 989 1671 quid
1011 1577 1060 1651 sit
1075 1579 1232 1671 operatus,

393 1691 431 1757 In
453 1691 579 1783 scriptis
600 1690 663 1756 heu
685 1691 853 1756 autenticis
875 1690 937 1756 hoc
958 1712 1022 1755 non
1045 1691 1210 1775 reperitur,

398 1795 459 1862 Sed
480 1818 538 1861 nec
559 1795 592 1859 in
616 1797 761 1880 apocrifis
783 1796 823 1860 ad
845 1796 973 1881 plenum
996 1797 1175 1874 invenitur3

215 1951 218 1958 .
317 1924 368 1959 ano
395 1901 480 1967 Nam
502 1900 665 1966 Johannes
688 1902 849 1986 scriptitat
870 1901 923 1976 hic
945 1902 1160 1986 evangelista:

394 2007 498 2072 Multo
520 2007 613 2091 plura
634 2007 726 2092 signa
747 2006 824 2071 fecit
846 2004 948 2086 Jesus,
972 2028 1067 2091 quam
1082 2006 1155 2085 ,sint
1177 2007 1255 2072 ista!

395 2112 462 2188 Que
485 2134 548 2177 non
571 2116 678 2177 tamen
700 2112 734 2175 in
756 2111 817 2176 hoc
839 2111 921 2176 libro
943 2110 1062 2195 scripta
1084 2112 1296 2193 declarantur,

395 2216 457 2283 Sed
478 2220 516 2282 ut
537 2216 683 2281 credatur
704 2216 738 2280 in
760 2214 872 2281 Jesum
894 2216 946 2281 hic
967 2239 1070 2302 pauca
1090 2216 1272 2283 recitantur.
1363 2255 1365 2258 v
1494 2243 1495 2258 ¹

222 2676 225 2681 A
283 2589 387 2675 Quod
415 2590 526 2664 desua
552 2614 638 2686 sepe
666 2592 838 2666 visitavit
864 2590 888 2664 J
891 2592 1076 2664 ohannem
1103 2590 1143 2662 in
1170 2589 1337 2665 herema.

305 2874 307 2878 ’
396 2853 532 2929 Quidam
552 2851 615 2917 fuit
637 2849 816 2915 adolescens
838 2849 1001 2915 Johannes
1024 2855 1235 2936 nuncupatus,

317 2977 369 3014 ³41⁶
396 2957 546 3024 Zacharie
567 2956 653 3021 filius
674 2953 815 3040 Jesuque
836 2958 999 3042 cognatus.

396 3063 458 3128 Hic
481 3062 522 3127 ab·
545 3062 636 3127 annis
659 3061 837 3146 quindecim
859 3061 1002 3127 homines
1026 3062 1126 3127 vitare
1186 3123 1189 3127 .

396 3167 488 3252 Cepit
509 3171 541 3231 et
563 3167 597 3230 in
620 3165 748 3231 heremo
770 3167 856 3231 solus
878 3164 1034 3232 habitare.

395 3271 492 3338 (libus
514 3273 581 3337 eins
604 3292 676 3335 caro
699 3270 764 3335 fuit
784 3270 881 3336 cruda
902 3272 1105 3353 locustarum,

395 3379 440 3444 Et
461 3380 524 3444 mel
546 3399 642 3462 apum
665 3375 869 3457 silvestrium,
892 3378 1012 3442 radices
1035 3400 1071 3443 ac
1093 3370 1273 3445 herbarum.

319 3502 370 3540 ³42⁰
396 3484 503 3549 Vestis
525 3507 582 3550 sua
604 3483 709 3548 birrus
732 3488 801 3548 erat
823 3484 861 3548 de
884 3483 957 3568 pilis
982 3484 1183 3565 camelorum,

396 3586 500 3652 Ovina
521 3587 613 3671 pellis
636 3587 746 3671 aspida
768 3587 932 3673 cingulum
954 3588 1146 3655 lumborum.

393 3690 445 3757 Ad
467 3692 552 3758 huuc
574 3692 667 3758 Jesus
690 3691 869 3757 adolescens
891 3693 996 3777 sepius
1019 3695 1182 3761 consueuit

395 3792 522 3877 Venire,
547 3798 623 3883 quia
644 3798 775 3882 spiritus
797 3801 925 3863 sanctus
948 3799 1103 3884 requievit

395 3901 433 3967 In
455 3891 613 3982 Johanne,
638 3902 693 3987 qui
715 3903 867 3966 virtutem
890 3903 1022 3987 spiritus
1043 3904 1138 3971 Elia·

252 3996 253 3999 ¹
285 4005 288 4009 ’
318 4027 369 4062 ³42⁵
396 4006 581 4099 Predicandi
605 4007 666 4073 sibi
688 4007 784 4087 dedit,
808 4011 903 4092 atque
926 4009 1101 4095 prophetie.

396 4112 488 4178 Jesus
510 4113 613 4178 factus
636 4113 816 4178 adolescens
838 4136 910 4198 sepe
933 4113 1135 4199 frequentare

365 4299 367 4303 y
397 4216 568 4282 Heremum
590 4223 796 4283 consueverat
818 4224 850 4285 et
872 4242 944 4284 eum
966 4220 1104 4301 visitare,

396 4321 440 4387 Et
461 4344 518 4405 per
539 4324 605 4389 dies
628 4323 751 4409 aliquos
774 4346 879 4413 secum
902 4327 1091 4391 commorari

397 4424 535 4510 Solebat,
558 4432 595 4494 ut
617 4450 649 4494 se
673 4433 785 4496 mutuo
806 4434 936 4517 possent
957 4430 1122 4498 consolari.
