3000 5125
690 340 754 407 215
771 335 782 358 ⁹

304 516 509 598 Cunctaque
532 517 681 581 mandavi
702 517 793 582 vobis
816 516 955 581 dicentes
978 516 1153 599 observare,

301 621 345 687 Et
367 620 502 685 credatis
524 641 647 708 semper
669 645 720 687 me
741 623 903 688 vobiscum
925 621 1081 689 habitare.

302 723 412 810 Omnis
435 725 531 791 homo
554 726 660 792 salvus
683 728 753 808 erit,
777 728 832 812 qui
855 727 981 792 credens
1003 726 1197 812 baptizatur,¹

300 830 363 908 Qui
383 852 458 895 vero
481 852 545 895 non
567 832 733 898 crediderit
754 833 788 897 iu
811 854 903 898 erum
925 834 1161 898 condemnatur.

222 954 274 992 οπο
301 934 373 1019 Ego
395 956 470 1000 vero
491 936 585 1000 modo
608 958 677 1001 sum
700 958 720 1001 a
741 936 831 1002 vobis
854 959 1030 1002 recessurus

300 1040 352 1105 Ad
368 1041 461 1105 deum
475 1045 619 1106 vostrum
634 1046 729 1127 atque
743 1046 867 1127 patrem
883 1047 953 1106 sum
967 1064 1074 1107 meum
1089 1066 1291 1125 ascensurus3

300 1145 536 1231 Remittamque
558 1147 757 1232 paraclitum,
780 1149 836 1233 qui
858 1170 914 1213 vos
936 1149 1005 1213 loco
1026 1148 1089 1213 mei

164 1337 168 1344 Ι
301 1252 424 1316 Docens
447 1252 671 1334 consolabitur,
694 1254 749 1340 qui
772 1254 904 1339 spiritus
927 1257 975 1319 est
997 1253 1064 1332 dei;

299 1355 338 1421 In
360 1357 490 1423 civitate
512 1358 721 1443 prestolantes
744 1381 821 1445 ergo
844 1358 986 1437 sedeatis,

223 1480 274 1521 σεῦε
300 1462 408 1531 Donec
431 1466 575 1530 sanctum
597 1463 746 1550 spiritum
768 1486 824 1533 vos
847 1463 1035 1552 recipiatis«

205 1778 310 1864 ouon
337 1778 510 1851 domnus
537 1777 665 1851 suune
692 1743 891 1872 discipulos
918 1778 957 1849 n
985 1778 1222 1853 sathanam.

301 1989 378 2054 Post
399 1988 460 2055 hoo
482 1988 515 2053 in
538 1987 729 2054 Bethaniam
751 1990 842 2051 extra
864 1986 1025 2052 civitatem

299 2095 421 2161 Eduxit
442 2094 525 2159 hanc
547 2095 687 2161 fidelium
709 2094 959 2173 universitatem,

218 2183 222 2194 ¹
299 2200 343 2266 Et
364 2200 468 2280 iussit,
491 2201 574 2285 quod
598 2201 801 2265 ascenderent
823 2189 963 2265 montem
982 2197 1109 2281 Oliveti,
1206 2221 1212 2246 ¹

299 2305 432 2393 Ipseque
454 2305 619 2391 disparuit,
642 2305 690 2370 illi
712 2326 787 2371 vero
809 2305 866 2370 leti

219 2432 272 2469 ⁶⁸²⁰
299 2405 517 2478 Ascenderunt
539 2415 796 2496 supermontem
818 2433 890 2476 cum
912 2411 1036 2496 virgine
1058 2411 1162 2478 Maria

298 2519 345 2585 Ac
367 2518 485 2584 sanctis
506 2517 701 2598 mulieribus,
725 2540 798 2582 cum
819 2516 922 2583 laudis
944 2518 1135 2604 hymnodia3

296 2625 400 2691 llrant
422 2629 528 2690 autem
549 2624 596 2689 ibi
619 2624 680 2690 viri
702 2624 818 2710 viginti
840 2647 936 2709 supra
958 2628 1084 2689 centum

297 2730 407 2797 Preter-
428 2736 552 2801 sanctas
575 2730 721 2800 mulieres
743 2734 910 2820 sequentes
932 2729 1018 2798 hunc
1040 2733 1239 2799 conventum.

138 3034 244 3123 Quod
272 3035 444 3109 dominus
470 3036 609 3110 iterum
637 3034 815 3130 apparuit
846 3036 886 3109 et
912 3033 1177 3109 consolabatur
1204 3057 1283 3108 ma·

591 3162 690 3233 trem
717 3180 836 3232 suam.

296 3364 440 3450 Apparet
462 3364 555 3430 Jesus
576 3364 693 3429 iterum
714 3367 747 3428 et
769 3385 825 3448 per
845 3382 955 3428 vocem
977 3364 1064 3448 piam

217 3491 269 3529 ⁶³2⁶
296 3471 455 3538 Salutavit
477 3450 649 3551 universos,
673 3470 858 3554 dulcemque
881 3470 1026 3549 Mariam,
1160 3462 1164 3468 ’

295 3577 433 3642 Matrem
455 3598 555 3654 suam,
579 3575 746 3660 virginem,
770 3574 906 3665 benigne
928 3575 1119 3656 consolatur,

294 3682 348 3762 ut,
372 3705 412 3747 ne
432 3704 491 3768 pro
513 3703 637 3747 recessu
659 3703 717 3748 suo
740 3680 856 3761 doleat,
878 3681 1035 3760 hortatur,

294 3787 498 3869 Promittens,
523 3788 606 3874 quod
629 3788 668 3852 ad
691 3810 761 3853 eam
783 3787 826 3852 sit
846 3787 979 3870 ipsemet
1001 3791 1162 3859 venturus

200 3955 205 3967 ,
294 3892 332 3959 ln
355 3897 457 3960 morte
479 3917 545 3974 sua,
568 3915 690 3959 necnon
713 3915 783 3959 eam
803 3892 838 3957 in
860 3892 942 3957 celos
965 3896 1194 3976 assumpturus.

214 4017 266 4056 nso
293 3997 398 4063 Maria
420 4020 494 4064 vero
517 3997 617 4062 filium
642 3997 777 4062 adoram
800 3996 994 4081 deprecatur,

295 4101 342 4169 Ut
364 4104 405 4169 ab
427 4126 465 4169 eo
487 4125 601 4188 corpus
623 4103 690 4167 eius
712 4122 835 4186 semper
856 4105 993 4179 tueatur,

294 4208 341 4276 Ut
362 4232 419 4275 nec
441 4210 501 4276 hoc
524 4210 564 4275 ab
586 4207 692 4292 impiis
715 4206 825 4274 Judeis
848 4207 1000 4292 rapiatur,

294 4312 362 4380 Nec
384 4315 419 4380 in
441 4315 509 4380 vita
531 4335 588 4379 nec
609 4313 644 4377 in
666 4317 769 4378 morte
790 4312 865 4377 huic
888 4311 1051 4376 illudatur.

294 4419 387 4491 Jesus
410 4421 474 4490 ait:
500 4418 546 4485 »Ο
568 4419 614 4489 mi
634 4418 744 4500 dulcis,
772 4440 791 4483 o
813 4421 915 4483 mater
937 4437 1091 4504 amorosa,
