3000 5125
707 383 770 454 123

258 572 262 578 '
317 562 347 628 A
368 566 472 628 morte
493 582 633 647 surgam,
656 547 873 627 attestantur
895 562 933 627 de
954 584 1005 627 me
1026 561 1221 648 prophetie<

216 668 269 734 M.
316 666 370 735 »si
391 668 423 734 te
445 672 503 733 tua
523 690 588 733 non
610 668 741 733 dixisses
763 667 1000 748 resurrectione,

313 769 378 838 ⁴Pre
400 772 508 839 dolore
529 794 668 838 morerer
689 772 797 838 audita
818 772 971 870 passione.

237 894 291 933 ⁸⁵⁸⁰
317 876 387 944 Tua
407 882 515 944 tamen
537 900 700 963 nunquam
723 900 828 943 meum
849 900 904 943 cor
924 877 1042 963 poterit
1064 878 1201 963 gaudere

315 981 451 1048 Tantam
470 979 533 1048 tibi
555 984 732 1069 passionem
755 1005 827 1048 cum
849 983 945 1049 sciam
967 983 1162 1049 imminere«

237 1085 269 1152 J.
317 1085 411 1173 »Non
432 1091 465 1152 te
486 1109 557 1153 mea
577 1086 682 1173 passio
704 1091 830 1153 tautum
853 1087 1065 1167 contristabit,

316 1190 478 1268 Quantum
501 1193 688 1259 resurrectio
710 1198 742 1258 te
764 1192 939 1272 letificabit,
992 1257 994 1262 .

201 1305 203 1310 '
315 1295 387 1382 Ego
409 1297 485 1382 quia
505 1297 610 1383 patiar
631 1297 727 1362 homo
748 1302 833 1363 nunc
854 1298 1008 1378 mortalis,

235 1418 290 1460 ³⁶⁸⁶
315 1399 513 1488 Surgamque
534 1402 732 1489 glorificatus
755 1402 830 1468 deus
852 1402 1072 1468 immortalis«

223 1504 267 1569 Μ.
316 1505 412 1572 »Post
434 1511 522 1572 tuam
544 1507 592 1572 fili
613 1508 792 1594 passionem
813 1507 968 1593 numquid
994 1513 1026 1573 te
1048 1508 1171 1589 videbo,

314 1609 398 1678 Ate
420 1612 667 1679 consolationem
690 1636 731 1678 an
753 1612 892 1698 aliquam
914 1612 1080 1679 habetote

238 1714 271 1781 J.
318 1714 497 1801 »Posquam
519 1740 717 1783 resurrexero
739 1717 801 1782 tibi
823 1717 1021 1806 comparebo,

316 1820 531 1907 (iunctamque
552 1826 641 1888 tuam
661 1826 765 1888 mator
787 1822 840 1899 mi,
864 1822 1031 1888 tristitiam
1054 1823 1191 1890 delebo«

221 1924 268 1991 M.
316 1925 508 2018 »Postquam
531 1926 747 2006 resurrexeris,
772 1925 828 1992 ubi
850 1932 927 1993 tunc
948 1950 1116 1995 mansurus

314 2031 397 2111 Eris,
421 2033 560 2117 etquid,
583 2032 631 2097 fili
651 2032 705 2113 mi,
729 2036 802 2117 post
824 2034 885 2098 hoc
906 2037 943 2097 tu
963 2034 1153 2100 factumi<

237 2134 270 2201 J.
317 2134 437 2221 »Super
459 2141 578 2203 terram
599 2138 813 2223 quadraginta
836 2138 900 2203 dies
923 2139 1152 2220 commorabor,

316 2238 466 2325 Meoaque
487 2241 657 2328 discipulos
679 2241 792 2307 docens
813 2242 1029 2308 consolabor«

222 2343 268 2409 M.
316 2342 397 2420 »Qui
418 2350 494 2411 sunt
514 2346 550 2411 hi
572 2345 728 2431 discipuli,
751 2367 831 2430 quos
853 2348 901 2412 vis
923 2348 1081 2413 consolari

235 2466 288 2504 θεοῦ
314 2447 477 2536 Tempore,
500 2472 564 2536 quo
586 2454 819 2535 superterram
842 2453 982 2539 disponis
1004 2455 1235 2520 commorari‘ls
1313 2541 1315 2546 Ι
1427 2443 1431 2451 ’

236 2553 267 2621 J.
315 2555 508 2623 »Duodecim
530 2560 689 2644 apostolos
711 2556 792 2623 mihi
814 2555 949 2639 sociabo,

313 2660 435 2737 Quibus
457 2683 517 2748 ego
539 2664 688 2750 spiritum
710 2667 855 2729 sanctum
877 2686 982 2731 meum
1005 2663 1096 2746 dabo,

315 2765 362 2834 Ut
384 2790 441 2854 per
463 2769 643 2845 universam
663 2773 782 2835 terram
804 2769 1054 2835 incarnationem

315 2871 420 2938 Meam
442 2874 560 2939 mundo
581 2875 743 2958 predicent
765 2878 861 2959 atque
883 2875 1089 2961 passionem«

221 2977 266 3042 M.
315 2977 427 3043 »Poste
448 2980 507 3044 hos
529 2980 742 3065 quadraginta
764 2979 830 3044 dies
852 2979 929 3064 quid
950 3003 983 3045 es
1005 2984 1041 3046 tu
1063 2980 1215 3061 factunm,

313 3081 377 3147 Fili
397 3084 443 3148 mi
465 3083 652 3163 dulcissime,
676 3084 727 3150 vel
749 3107 814 3169 quo
835 3089 912 3151 tunc
933 3108 966 3152 es
988 3087 1134 3153 iturust«

208 3178 211 3181 ¹
235 3187 266 3254 J.
315 3188 444 3254 ›Gelum
465 3211 650 3254 ascensurus
672 3211 733 3275 ego
755 3213 826 3256 sum
849 3191 889 3257 ad
911 3195 1035 3276 patrem
1056 3214 1171 3273 meum,
1272 3206 1275 3210 “

313 3292 511 3379 Angelorum
532 3293 695 3359 dominum
717 3307 826 3381 regem
847 3302 943 3383 atque
968 3287 1090 3363 deum}

83 3398 86 3405 '
220 3396 265 3462 M.
311 3395 444 3463 ’Gelam
467 3398 495 3463 si
517 3399 704 3479 ascenderis,
726 3423 777 3466 me
799 3401 900 3467 solam
922 3400 1123 3488 derelinquis,

236 3520 288 3558 θεοῦ
315 3499 345 3583 0Ι
363 3503 408 3567 mi
430 3502 477 3567 fili
499 3503 600 3584 unice,
623 3504 674 3569 cui
696 3527 746 3570 me
769 3505 921 3591 relinquis
931 3510 967 3571 l«

235 3606 266 3672 J.
315 3606 408 3672 »Non
430 3613 471 3684 te,
495 3612 598 3673 mater
619 3631 773 3689 amorosa,
798 3610 899 3675 solam
922 3611 1147 3698 derelinquam,

313 3708 373 3777 Sed
395 3734 455 3798 ego
477 3711 537 3779 tibi
559 3713 698 3798 plurima
720 3716 836 3780 solatia
858 3716 1034 3802 relinquam

313 3816 363 3882 Ex
385 3818 463 3883 meis
485 3817 642 3900 fidelibus,
664 3821 699 3885 in
721 3844 772 3887 me
794 3822 944 3887 credituri

313 3921 374 3998 Qui
396 3927 471 3988 sunt
492 3928 524 3990 et
546 3922 607 3989 tibi
628 3930 759 4011 propter
782 3949 832 3991 me
852 3925 990 3993 libenter
1011 3927 1189 4009 servituri<
1304 3997 1308 4004 ,

220 4025 265 4091 Μ.
314 4024 407 4092 »Sine
429 4032 461 4093 te
482 4028 632 4094 solatium
654 4030 777 4095 nullum
802 4031 981 4117 acceptab0,

313 4128 374 4195 Tui
397 4132 424 4197 si
447 4154 577 4199 caruero
599 4135 681 4200 mori
702 4136 775 4220 plus
798 4137 945 4221 optabo«

234 4235 266 4302 J.
315 4237 464 4322 »Absque
486 4240 701 4305 consolatione
722 4245 755 4305 te
776 4263 846 4307 mea
868 4264 932 4308 non
955 4242 1124 4322 dimittam,

312 4340 385 4405 Tibi
407 4365 482 4408 nam
503 4345 701 4430 paraclytum
721 4346 926 4411 mitissimum
948 4347 1118 4413 remittam.

312 4444 374 4513 Hic
390 4451 439 4513 est
461 4453 588 4515 sanctus
611 4451 742 4535 spiritus
764 4452 934 4539 procedens
956 4473 1011 4518 ore
1033 4452 1093 4531 dei,
