3000 5125
745 361 789 427 24

349 541 564 626 Similiterque
586 543 746 605 turturem
769 538 922 603 dederunt
945 560 1004 623 pro
1026 542 1165 623 peccato,

349 648 396 715 Ut
419 647 560 732 precepit
581 645 708 729 Moyses
731 644 813 729 legis
835 666 874 707 ex
898 644 1068 721 mandat03

352 753 525 837 Postquam
548 751 630 815 hanc
653 750 848 814 oblationem
869 751 931 815 rite
954 755 1154 834 peregerunt,

284 882 323 918 4⁷⁰
350 858 528 925 Secundum
549 856 652 941 legem
675 855 781 939 Moysi
804 856 932 919 domum
957 856 1135 933 redierunt3

350 966 395 1030 Et
417 963 537 1049 prolem
561 961 800 1027 dilectissimam
823 981 895 1025 cum
919 961 1115 1029 exultatione

351 1069 565 1135 Nutriverunt
588 1071 685 1152 atque
707 1067 757 1130 dei
780 1088 852 1131 cum
874 1066 1086 1131 dilectatione.

350 1174 424 1242 Non
449 1178 486 1237 ut
507 1174 611 1238 solent
632 1173 778 1237 homines
801 1177 986 1236 extraneam
1009 1172 1148 1256 quesivit

351 1281 517 1346 Nutricem
540 1283 642 1342 mater
665 1299 781 1362 puero;
806 1278 859 1342 sed
881 1279 1017 1362 ipsamet
1039 1271 1176 1342 nutrivit

287 1409 325 1445 4⁷⁶
352 1386 494 1471 Propriis
517 1384 667 1449 uberibus
690 1384 812 1468 prolem
835 1387 867 1447 et
890 1384 1040 1460 lactavit3

351 1491 420 1559 Nec
442 1512 505 1554 non
529 1490 681 1553 alimenta
703 1489 766 1552 sibi
788 1511 846 1572 pro
869 1511 902 1552 se
926 1487 1136 1561 ministravit;

353 1596 414 1661 Sed
436 1594 494 1658 hec
517 1594 621 1678 proles
643 1593 810 1658 benedicta
832 1594 991 1686 rarissime
1013 1592 1162 1676 lugendo,

355 1700 400 1768 Ut
423 1699 519 1764 moris
542 1703 591 1763 est
612 1697 800 1778 infantibus,
825 1700 891 1763 sive
913 1698 1071 1783 vagiendo

225 1859 229 1870 .
353 1806 514 1871 Parentes
527 1825 601 1869 suos
624 1804 816 1881 molestavit,
840 1805 894 1867 sed
917 1804 1051 1867 nimium
1074 1803 1182 1888 quieta

290 1933 328 1969 ⁴⁸0
356 1911 432 1976 Fuit
455 1914 550 1995 atque
573 1910 707 1993 patiens
731 1909 840 1988 tacita,
865 1913 1039 1973 mansueta.

353 2015 490 2100 [luitque
513 2013 729 2091 mundissima,
753 2013 855 2077 multo
877 2013 949 2097 plus
971 2036 1068 2098 quam
1090 2014 1174 2078 credi

354 2121 468 2200 Possit,
492 2119 609 2183 munda
632 2140 837 2202 permanens:
860 2123 1023 2203 nunquam
1047 2119 1131 2183 eninr
1154 2119 1217 2183 fedi

354 2225 393 2291 In
415 2247 451 2290 ea
475 2225 643 2308 quicquam
667 2224 770 2288 visum
794 2228 852 2304 est,
876 2228 1000 2289 etcum
1023 2224 1247 2289 involvebatur

355 2331 391 2396 In
415 2331 514 2409 cunis,
537 2329 587 2393 vel
609 2329 788 2413 crepundiis
812 2351 911 2414 quum
934 2329 991 2393 hec
1014 2331 1201 2413 ponebatur,

293 2459 330 2493 aa
359 2437 478 2500 Contra
500 2457 620 2499 morem
642 2456 813 2518 puerorum
837 2457 870 2499 se
892 2457 1056 2519 nunquam
1079 2434 1260 2513 maculavit,

315 2590 319 2597 ·
357 2541 417 2609 Sed
440 2541 541 2606 adulti
564 2564 687 2625 semper
708 2541 802 2606 modo
825 2564 858 2605 se
881 2540 997 2605 munde
1019 2540 1229 2606 conservabit.

201 2847 304 2933 Quod
337 2845 458 2918 Maria
496 2792 696 2939 postquam
738 2846 933 2918 ablactata
974 2849 1032 2918 est
1065 2846 1180 2949 ducta
1214 2847 1273 2918 est
1308 2844 1348 2916 in
1462 2866 1465 2873 ·

657 2968 882 3041 Jerusalem.

357 3178 530 3261 Postquam
554 3176 713 3240 ablactata
735 3178 835 3242 dulcis
857 3179 920 3243 ista
943 3179 1047 3262 proles
1069 3182 1151 3244 esset
1230 3234 1232 3238 .

357 3283 400 3347 Et
423 3304 580 3346 annorum
601 3282 740 3364 spatium
763 3284 862 3347 trium
881 3284 948 3368 jam
971 3284 1169 3367 complesset,

357 3387 496 3452 Rursum
518 3388 552 3451 in
575 3386 750 3452 Jerusalem
775 3395 922 3474 parentes
945 3390 1029 3454 hanc
1051 3391 1196 3455 tulerunt

291 3514 330 3549 4⁹⁰
358 3492 567 3575 Hostiamque
589 3493 718 3558 domino
741 3517 800 3578 pro
823 3517 860 3560 ea
882 3495 1091 3560 tradiderunt.

242 3646 245 3653 .
356 3596 417 3662 Sed
440 3619 512 3662 cum
534 3598 694 3664 venissent
716 3601 837 3683 pariter
859 3602 899 3665 ad
921 3602 1076 3684 templum
1099 3601 1287 3681 Salomonis,

264 3770 266 3774 ,
356 3702 422 3768 Ubi
444 3704 562 3788 gradus
585 3705 764 3789 quindecim
787 3710 863 3770 sunt
886 3707 1087 3785 ascensionis,

357 3806 440 3871 Puer
462 3831 495 3872 se
518 3808 556 3872 de
577 3809 725 3874 manibus
749 3812 885 3875 retraxit
907 3833 962 3876 sue
985 3812 1108 3891 matris,
1166 3818 1169 3825 '

357 3912 510 3978 Necnon
534 3914 728 3997 adjutorium
751 3917 909 3981 recusavit
931 3918 1043 4001 patris,

165 4033 169 4042 ·
293 4040 331 4075 aa
358 4017 434 4082 illos
457 4019 575 4103 gradus
599 4021 775 4104 quindecim
800 4023 941 4087 ascendit
963 4023 1158 4107 precedendo

357 4124 517 4205 Parentes
542 4127 693 4191 scandens
716 4127 849 4211 pedibus
872 4151 928 4212 per
952 4151 1063 4193 manus
1086 4151 1120 4192 se
1142 4129 1289 4208 tenendo,

358 4228 421 4321 Res
444 4230 599 4304 miranda,
625 4232 707 4315 quod
731 4255 810 4316 puer
832 4233 931 4298 trium
954 4233 1007 4297 vix
1031 4255 1186 4297 annorum

359 4336 532 4415 Ascensum
556 4358 612 4420 per
635 4358 668 4400 se
690 4338 846 4422 graduum
872 4340 1014 4403 ascendit
1036 4338 1286 4423 quindenorum

357 4439 416 4507 Sed
440 4441 479 4506 ad
502 4442 656 4528 templum
681 4442 817 4509 insecuti
840 4448 987 4529 parentes
1011 4465 1082 4509 cum
1106 4443 1275 4522 venissent,
