3000 5125
747 371 789 437 10

359 545 404 611 Et
426 549 555 612 sanctus
577 544 753 627 Juvenalis,
777 545 941 631 episeopus
963 546 1110 631 Byzanti,

360 651 489 719 (losmas
512 657 544 717 et
567 651 775 737 Theophilus,
798 651 914 717 diversi
936 674 1062 738 quoque
1084 653 1197 735 sancti,
1222 732 1228 742 ο

348 757 408 823 »Ac
431 759 574 823 doctores
597 757 727 841 plurimi
751 757 789 821 de
811 756 936 842 virgine
959 757 1132 823 scribentes

308 886 334 922 ao
360 862 520 948 Pluraque
541 862 678 927 fideliter
699 866 863 945 exponunt
884 883 942 927 nos
965 862 1128 943 docentes3

365 969 433 1046 Quo
454 991 512 1053 pro
534 968 626 1034 laude
649 968 783 1054 virginis
804 968 907 1034 Marie
927 971 1107 1054 compilavi,

360 1075 405 1140 Et
427 1097 484 1160 per
505 1073 624 1138 donum
646 1074 778 1157 spiritus
801 1074 903 1139 sancti
925 1076 1118 1142 consumavi.

361 1179 395 1246 Si
417 1180 488 1265 quis
512 1182 548 1242 ut
571 1177 747 1262 apocrifum
770 1177 830 1243 hoc
853 1179 930 1243 velit
952 1181 1133 1265 reprobare,
1170 1171 1172 1176 ’

363 1286 490 1364 Caveat,
514 1306 554 1348 ne
576 1282 744 1348 veritatem
771 1288 933 1367 presumat
956 1286 1197 1372 condempnare.

310 1412 336 1449 aa
362 1390 407 1456 Et
428 1391 462 1454 in
484 1389 562 1454 locis
586 1389 721 1475 singulis
744 1390 882 1474 ponendi
904 1395 981 1455 sunt
1003 1397 1157 1474 auctores,

363 1497 424 1574 Qui
447 1501 523 1561 sunt
544 1495 640 1560 huius
663 1496 813 1560 carminis
836 1496 992 1561 verissimi
1015 1497 1158 1563 doctores

363 1603 397 1670 Si
420 1625 484 1688 qua
505 1606 613 1667 tamen
635 1600 688 1666 hic
710 1602 855 1666 fortassis
878 1602 1020 1687 apocrifa
1041 1608 1212 1688 ponantur,

364 1707 439 1773 Non
461 1707 577 1773 idcirco
599 1707 829 1791 perprudenter
851 1710 888 1772 ut
910 1708 992 1772 falsa
1014 1709 1296 1795 condempnantur.

364 1814 448 1880 Illud
471 1817 577 1878 autem
600 1815 749 1898 deprecor
772 1837 791 1878 a
813 1814 891 1879 viris
913 1814 1083 1880 litteratis:

312 1943 337 1980 eo
364 1920 427 1986 Hic
449 1921 477 1984 si
500 1943 561 2006 que
583 1919 802 2005 repperierint,
826 1943 886 2004 que
908 1921 1006 1986 limen
1029 1920 1174 1986 veritatis

364 2027 539 2106 Excedent,
562 2026 619 2091 illa
642 2027 807 2111 corrigant
833 2026 883 2091 vel
905 2027 1020 2091 radant
1042 2015 1268 2109 detruncando,

363 2132 425 2198 Vel
449 2136 485 2196 ut
506 2132 586 2198 libet
607 2137 712 2198 totum
735 2155 815 2217 opus
838 2135 1071 2217 condempnent
1092 2134 1301 2217 reprobando,

364 2237 436 2322 Ego
459 2237 535 2322 quia
557 2236 640 2301 nihil
661 2237 714 2301 hic
736 2237 877 2302 scribens
900 2259 1055 2317 assevero,

366 2344 434 2421 Que
456 2343 582 2428 cupiam
606 2347 747 2408 astruere
771 2365 828 2428 pro
851 2343 933 2408 falso
955 2343 1005 2408 vel
1027 2365 1086 2428 pro
1108 2365 1201 2424 ver03

313 2468 339 2505 ⁴⁶
366 2447 427 2514 Sed
450 2451 576 2514 tantum
600 2472 656 2534 per
678 2450 838 2533 poeticum
860 2450 990 2515 modum
1012 2450 1179 2515 decantare

366 2552 487 2651 Laudes
509 2554 584 2620 volo
606 2555 741 2641 virginis
765 2559 798 2620 et
819 2553 931 2621 Jesum
952 2555 1141 2623 collaudare.

209 2907 348 3003 Incipit
374 2906 455 3020 vite
482 2907 642 3001 gloriose
658 2906 813 2999 virginis
827 2905 944 2979 Marie
973 2909 1013 2979 et
1036 2906 1209 2980 amabilis
1227 2908 1361 2983 matris

641 3029 735 3101 lesu
761 3028 829 3100 filii
856 3028 927 3101 dei.

369 3298 408 3364 In
431 3298 561 3362 civitate
583 3295 745 3362 Nazareth
768 3296 806 3363 de
828 3301 915 3361 terra
938 3293 1070 3382 Galylea

370 3405 476 3471 Homo
499 3404 628 3490 quidam
651 3404 821 3497 habitabat
843 3407 932 3469 ortus
956 3426 993 3469 ex
1015 3401 1119 3468 Judea

372 3510 482 3590 (lente,
506 3531 607 3595 genus
632 3509 698 3574 eius
720 3531 848 3575 sumens
871 3509 910 3575 de
932 3507 1032 3593 stirpe
1053 3506 1158 3573 David
1180 3508 1284 3591 regis3

323 3639 348 3678 so
376 3616 526 3702 Simplex,
546 3618 652 3702 justus
675 3619 771 3702 atque
793 3620 932 3696 sanctus,
955 3613 1127 3679 secundum
1146 3614 1236 3699 jussa
1257 3612 1349 3698 legis,
1454 3650 1459 3660 .

371 3723 423 3789 Ab
446 3722 537 3787 annis
560 3723 734 3806 puerilibus
758 3744 881 3806 semper
903 3721 1088 3785 innocenter

371 3829 466 3895 Judei
488 3827 618 3894 servitio
641 3829 731 3908 vixit,
755 3832 787 3893 et
809 3828 992 3912 frequenter

373 3934 523 4002 Sedulum
546 3935 735 4020 obsequium
758 3936 815 4000 deo
838 3932 1020 4014 exhibebat,

288 4222 322 4276 29
351 4219 418 4274 cd.
439 4216 498 4287 alii.
536 4215 637 4271 Galil.
728 4215 763 4269 32
791 4213 876 4269 ZAt.
956 4214 991 4269 40
1021 4210 1190 4268 Zlimitem.
1285 4211 1320 4265 43
1347 4209 1369 4265 0
1492 4221 1494 4229 ’

218 4309 307 4364 nichil
334 4309 408 4363 statt
432 4306 561 4360 scribens.
634 4303 659 4358 0.
681 4303 736 4358 Tit.
757 4304 812 4357 lnc.
837 4302 909 4357 liber
931 4303 965 4358 de
984 4302 1045 4356 vita
1071 4301 1154 4357 beate
1173 4319 1199 4355 v.
1224 4297 1369 4383 genitricis

218 4399 271 4454 dei.
369 4396 404 4451 48
429 4395 449 4450 O
470 4395 527 4449 und
550 4394 575 4449 G
601 4394 632 4448 in
654 4394 744 4449 Judea
766 4391 950 4448 Centenarius
974 4410 1054 4446 suam
1082 4389 1203 4460 sumpsit
1231 4385 1370 4458 originem

218 4485 392 4542 dmssr
