3000 5125
775 380 838 447 214

384 557 486 643 Atque
509 579 564 622 sue
585 556 716 620 visionis
738 556 929 640 promissum
952 558 1171 640 prestolantes.

381 662 433 727 Ibi
454 685 487 727 se
508 660 726 726 manifestavit
748 661 896 725 omnibus
918 684 1072 746 apparens
1161 699 1163 702 ·

304 786 355 825 ⁶³2⁶
380 766 419 832 In
441 790 534 832 carne
556 765 659 845 Jesus‚
683 767 770 830 omni
791 768 856 831 iam
877 768 1074 833 mortalitate
1095 790 1224 846 carens;

382 872 554 957 Ipsumque
576 871 721 956 discipuli
744 873 887 938 videntes
909 873 1085 938 adorabant

276 987 282 994 ’
382 971 426 1041 Et
448 998 519 1041 cum
542 997 659 1060 magno
681 976 799 1062 gaudio
821 977 929 1042 laudes
951 978 1013 1041 sibi
1035 978 1164 1043 dabant.

380 1080 470 1146 Inter
491 1082 564 1145 illos
586 1081 714 1166 quidam
737 1087 838 1162 erant,
862 1084 917 1168 qui
939 1106 1003 1148 non
1026 1084 1235 1163 crediderunt,

382 1183 442 1250 Sed
466 1185 618 1250 visionem
640 1186 747 1270 angeli
769 1186 838 1251 fore
860 1192 1062 1271 putaverunt.

308 1309 359 1346 ⁰³³⁰
386 1289 510 1355 Horum
533 1291 786 1356 incredulitatem
809 1291 902 1357 Jesus
925 1294 1120 1377 exprobavit,

250 1479 256 1488 Ι
383 1396 427 1460 Et
449 1419 482 1460 se
505 1419 615 1460 verum
637 1396 706 1462 fore
728 1398 821 1462 deum
845 1401 876 1462 et
898 1399 1059 1463 hominem
1082 1400 1240 1483 probavit,

383 1501 517 1566 Dicens:
543 1500 643 1565 »Mihi
667 1502 742 1565 data
763 1502 827 1566 iam
850 1503 953 1566 omnis
976 1506 1024 1567 est
1045 1507 1196 1587 potestas,
1315 1540 1317 1543 ⁴

384 1603 422 1669 ln
445 1605 538 1671 terris
561 1608 593 1669 et
614 1607 648 1669 in
670 1606 744 1670 celis
768 1611 882 1690 regnat
902 1628 973 1671 mea
994 1608 1059 1671 iarn
1081 1608 1268 1677 maiestasu

384 1708 461 1774 Post
482 1710 543 1775 hoc
564 1710 599 1775 in
622 1710 800 1776 Jerusalem
822 1733 930 1776 ornnes
952 1713 1011 1777 hos
1035 1713 1136 1777 redire

307 1832 358 1870 ⁸⁸³⁶
384 1813 487 1879 Jussit
508 1814 611 1894 dasne,
635 1820 667 1881 et
688 1817 722 1880 in
745 1839 845 1881 unum
867 1816 970 1881 locum
993 1820 1166 1894 convenire,

385 1920 429 1985 Et
451 1920 664 1985 ascensionem
686 1920 753 1984 eius
774 1920 892 1984 ibidem
914 1925 1104 2005 exspectare,

386 2023 505 2090 Valens
527 2047 634 2093 coram
656 2010 803 2093 omuibus
826 2026 866 2091 ad
889 2025 971 2093 celos
994 2048 1142 2092 remeare.

229 2328 332 2414 Quod
360 2329 531 2402 domiuus
565 2330 605 2402 in
638 2329 696 2401 die
724 2329 950 2402 ascensionis
978 2329 1154 2442 apparuit
1181 2328 1382 2423 discipulis

672 2455 712 2527 in
740 2455 930 2528 cenaculo.

386 2662 471 2728 Hino
493 2664 543 2728 die
565 2663 808 2747 quadragesimo
830 2663 925 2726 simul
948 2667 1163 2727 convenerunt

386 2766 501 2832 Omnes
523 2769 557 2833 in
579 2767 758 2833 Jerusalem
780 2772 812 2832 et
833 2789 985 2852 magnam
1006 2768 1207 2831 intraverunt

308 2892 359 2929 asro
386 2872 533 2951 Domum,
556 2871 612 2937 ubi
634 2874 780 2937 undecim
802 2873 950 2957 discipuli
973 2871 1145 2937 manebant

386 2977 464 3042 Cum
486 2977 590 3043 Maria
611 2982 715 3043 matre
736 2977 822 3058 Jesu,
845 2977 954 3063 ibique
976 2977 1201 3043 recumbebant

385 3082 541 3148 Undecim
563 3084 699 3167 apostoli
722 3106 794 3148 oum
817 3084 940 3169 virgine
963 3084 1074 3162 Maria,
1175 3110 1178 3115 ⁴

385 3189 430 3253 Et
452 3189 548 3253 ceteri
571 3189 717 3273 discipuli
739 3189 795 3274 qui
817 3188 928 3254 «lasum
950 3190 1012 3253 fide
1035 3189 1089 3274 pia

344 3326 346 3331 ·
384 3292 499 3358 Adbuc
521 3295 678 3359 viventem
702 3293 932 3378 sequebantur3
957 3294 991 3357 hi
1014 3298 1091 3359 tunc
1113 3293 1336 3359 convenientes

310 3417 361 3455 ⁰³4⁶
388 3397 624 3482 Exspectabant
647 3400 810 3464 dominum
832 3399 927 3464 simul
942 3398 1169 3464 recumbentes.

387 3505 552 3588 Apparens
573 3505 638 3569 illis
661 3504 806 3569 dominus
829 3527 862 3569 se
884 3503 1104 3569 manifestavit

385 3610 430 3675 Et
451 3632 522 3674 cum
543 3610 807 3676 manducantibus
830 3611 898 3696 ipse
919 3610 1131 3675 manducavit.

387 3713 424 3778 In
447 3715 588 3780 humana
610 3737 703 3780 carne
726 3738 784 3779 sua
807 3739 840 3780 se
862 3716 970 3780 vivum
992 3715 1043 3779 his
1066 3715 1205 3780 ostendit

387 3818 601 3895 Quorumdam
625 3820 777 3885 duritiam
799 3821 936 3905 benigne
959 3812 1170 3904 reprehendit,

310 3945 361 3982 σθω
387 3924 469 4001 Quia
491 3925 575 3989 tardi
597 3924 726 3990 fuerant
748 3927 788 3990 ad
810 3926 1035 4009 recipiendum>

388 4029 450 4097 Sue
472 4029 710 4095 resurrectionis
734 4031 827 4095 fidem
850 4035 882 4095 et
904 4030 1101 4096 credendum.
1200 4074 1203 4079 >

389 4134 446 4200 >ln
469 4135 653 4213 mundum«,
677 4137 731 4215 ait,
759 4135 959 4200 »universum
982 4135 1028 4198 ite
1048 4135 1244 4218 predicantes

388 4240 494 4304 Meum
517 4239 726 4324 evangelium,
750 4241 921 4319 credentes,
943 4240 1141 4323 baptizantes

386 4344 425 4410 In
448 4344 549 4429 patris
573 4348 669 4429 atque
690 4345 750 4409 filii
773 4345 966 4430 spiritusque
989 4344 1090 4410 sancti

309 4468 360 4511 ⁶³⁶⁶
387 4449 543 4527 Nomine;
566 4454 722 4519 statutum
745 4451 807 4518 hoc
829 4451 871 4516 sit
894 4449 981 4514 omni
1002 4448 1188 4534 baptizanti,
