<?xml version="1.0" encoding="UTF-8"?>
<!DOCTYPE html PUBLIC "-//W3C//DTD XHTML 1.0 Transitional//EN"
    "http://www.w3.org/TR/xhtml1/DTD/xhtml1-transitional.dtd">
<html xmlns="http://www.w3.org/1999/xhtml" xml:lang="en" lang="en">
 <head>
  <title>
</title>
<meta http-equiv="Content-Type" content="text/html;charset=utf-8" />
  <meta name='ocr-system' content='tesseract 3.04.00' />
  <meta name='ocr-capabilities' content='ocr_page ocr_carea ocr_par ocr_line ocrx_word'/>
</head>
<body>
  <div class='ocr_page' id='page_1' title='image "./vitabeatevirgin02vggoog_0267.png"; bbox 0 0 3000 5125; ppageno 0'>
   <div class='ocr_carea' id='block_1_1' title="bbox 671 389 735 457">
    <p class='ocr_par' dir='ltr' id='par_1_1' title="bbox 671 389 735 457">
     <span class='ocr_line' id='line_1_1' title="bbox 671 389 735 457; baseline -0.016 0"><span class='ocrx_word' id='word_1_1' title='bbox 671 389 735 457; x_wconf 80' lang='lat'>255</span> 
     </span>
    </p>
   </div>
   <div class='ocr_carea' id='block_1_2' title="bbox 80 564 1241 3284">
    <p class='ocr_par' dir='ltr' id='par_1_2' title="bbox 209 564 1241 1077">
     <span class='ocr_line' id='line_1_2' title="bbox 209 564 1044 655; baseline -0.008 -16"><span class='ocrx_word' id='word_1_2' title='bbox 209 593 262 632; x_wconf 76' lang='grc'><strong>7777</strong></span> <span class='ocrx_word' id='word_1_3' title='bbox 291 574 342 639; x_wconf 79' lang='lat' dir='ltr'>Ex</span> <span class='ocrx_word' id='word_1_4' title='bbox 363 570 419 638; x_wconf 89' lang='lat' dir='ltr'>illo</span> <span class='ocrx_word' id='word_1_5' title='bbox 442 572 538 637; x_wconf 89' lang='lat' dir='ltr'>choro</span> <span class='ocrx_word' id='word_1_6' title='bbox 560 569 692 655; x_wconf 86' lang='lat' dir='ltr'>spiritus</span> <span class='ocrx_word' id='word_1_7' title='bbox 715 570 821 634; x_wconf 90' lang='lat' dir='ltr'>cuncti</span> <span class='ocrx_word' id='word_1_8' title='bbox 843 564 1044 633; x_wconf 89' lang='lat' dir='ltr'>confluebant</span> 
     </span>
     <span class='ocr_line' id='line_1_3' title="bbox 288 673 1039 763; baseline -0.011 -19"><span class='ocrx_word' id='word_1_9' title='bbox 288 679 395 763; x_wconf 86' lang='lat' dir='ltr'>Atque</span> <span class='ocrx_word' id='word_1_10' title='bbox 417 679 467 742; x_wconf 89' lang='lat' dir='ltr'>dei</span> <span class='ocrx_word' id='word_1_11' title='bbox 489 676 676 762; x_wconf 82' lang='lat' dir='ltr'>genitricem</span> <span class='ocrx_word' id='word_1_12' title='bbox 698 676 856 758; x_wconf 80' lang='lat' dir='ltr'>suscipere</span> <span class='ocrx_word' id='word_1_13' title='bbox 878 673 1039 753; x_wconf 84' lang='lat' dir='ltr'>volebant,</span> 
     </span>
     <span class='ocr_line' id='line_1_4' title="bbox 289 779 1241 866; baseline -0.004 -18"><span class='ocrx_word' id='word_1_14' title='bbox 289 783 369 848; x_wconf 84' lang='lat' dir='ltr'>Cum</span> <span class='ocrx_word' id='word_1_15' title='bbox 390 783 518 865; x_wconf 85' lang='lat' dir='ltr'>hymnis</span> <span class='ocrx_word' id='word_1_16' title='bbox 541 786 637 866; x_wconf 90' lang='lat' dir='ltr'>atque</span> <span class='ocrx_word' id='word_1_17' title='bbox 659 781 789 844; x_wconf 86' lang='lat' dir='ltr'>canticis</span> <span class='ocrx_word' id='word_1_18' title='bbox 812 780 886 843; x_wconf 91' lang='lat' dir='ltr'>huic</span> <span class='ocrx_word' id='word_1_19' title='bbox 907 779 1015 844; x_wconf 83' lang='lat' dir='ltr'>laudes</span> <span class='ocrx_word' id='word_1_20' title='bbox 1038 780 1241 844; x_wconf 74' lang='lat' dir='ltr'>decantantes</span> 
     </span>
     <span class='ocr_line' id='line_1_5' title="bbox 289 887 1030 954; baseline -0.008 0"><span class='ocrx_word' id='word_1_21' title='bbox 289 889 333 954; x_wconf 78' lang='lat' dir='ltr'>Et</span> <span class='ocrx_word' id='word_1_22' title='bbox 354 910 427 952; x_wconf 89' lang='lat' dir='ltr'>cum</span> <span class='ocrx_word' id='word_1_23' title='bbox 446 887 634 953; x_wconf 90' lang='lat' dir='ltr'>iubilatione</span> <span class='ocrx_word' id='word_1_24' title='bbox 656 887 804 951; x_wconf 74' lang='lat' dir='ltr'>dicebant</span> <span class='ocrx_word' id='word_1_25' title='bbox 825 889 1030 950; x_wconf 81' lang='lat' dir='ltr'>resonantes:</span> 
     </span>
     <span class='ocr_line' id='line_1_6' title="bbox 292 989 976 1077; baseline 0.001 -25"><span class='ocrx_word' id='word_1_26' title='bbox 292 991 412 1072; x_wconf 69' lang='lat' dir='ltr'>»Salve</span> <span class='ocrx_word' id='word_1_27' title='bbox 435 992 527 1077; x_wconf 84' lang='lat' dir='ltr'>virgo</span> <span class='ocrx_word' id='word_1_28' title='bbox 552 990 680 1066; x_wconf 81' lang='lat' dir='ltr'>nobilis,</span> <span class='ocrx_word' id='word_1_29' title='bbox 703 989 789 1055; x_wconf 82' lang='lat' dir='ltr'>salve</span> <span class='ocrx_word' id='word_1_30' title='bbox 811 1012 976 1075; x_wconf 82' lang='lat' dir='ltr'>genorosa,</span> 
     </span>
    </p>

    <p class='ocr_par' dir='ltr' id='par_1_3' title="bbox 210 1094 984 1181">
     <span class='ocr_line' id='line_1_7' title="bbox 210 1094 984 1181; baseline -0.006 -18"><span class='ocrx_word' id='word_1_31' title='bbox 210 1116 262 1153; x_wconf 78' lang='grc'><strong>7777</strong></span> <span class='ocrx_word' id='word_1_32' title='bbox 290 1096 394 1175; x_wconf 82' lang='lat' dir='ltr'>Salve,</span> <span class='ocrx_word' id='word_1_33' title='bbox 418 1100 526 1161; x_wconf 84' lang='lat' dir='ltr'>sancta</span> <span class='ocrx_word' id='word_1_34' title='bbox 548 1096 698 1181; x_wconf 79' lang='lat' dir='ltr'>genitrix,</span> <span class='ocrx_word' id='word_1_35' title='bbox 722 1094 809 1160; x_wconf 87' lang='lat' dir='ltr'>salve</span> <span class='ocrx_word' id='word_1_36' title='bbox 831 1094 984 1180; x_wconf 88' lang='lat' dir='ltr'>gloriosa;</span> 
     </span>
    </p>

    <p class='ocr_par' dir='ltr' id='par_1_4' title="bbox 289 1200 1019 1373">
     <span class='ocr_line' id='line_1_8' title="bbox 289 1200 1019 1285; baseline -0.004 -18"><span class='ocrx_word' id='word_1_37' title='bbox 289 1202 381 1268; x_wconf 83' lang='lat' dir='ltr'>Salve</span> <span class='ocrx_word' id='word_1_38' title='bbox 403 1203 491 1267; x_wconf 91' lang='lat' dir='ltr'>cuius</span> <span class='ocrx_word' id='word_1_39' title='bbox 513 1201 648 1285; x_wconf 86' lang='lat' dir='ltr'>speciem</span> <span class='ocrx_word' id='word_1_40' title='bbox 670 1223 726 1265; x_wconf 82' lang='lat' dir='ltr'>rex</span> <span class='ocrx_word' id='word_1_41' title='bbox 748 1201 807 1265; x_wconf 84' lang='lat' dir='ltr'>celi</span> <span class='ocrx_word' id='word_1_42' title='bbox 830 1200 1019 1284; x_wconf 79' lang='lat' dir='ltr'>concupivit,</span> 
     </span>
     <span class='ocr_line' id='line_1_9' title="bbox 289 1306 925 1373; baseline -0.008 0"><span class='ocrx_word' id='word_1_43' title='bbox 289 1307 382 1373; x_wconf 84' lang='lat' dir='ltr'>Salve</span> <span class='ocrx_word' id='word_1_44' title='bbox 404 1308 493 1372; x_wconf 88' lang='lat' dir='ltr'>cuius</span> <span class='ocrx_word' id='word_1_45' title='bbox 516 1312 641 1372; x_wconf 88' lang='lat' dir='ltr'>uterum</span> <span class='ocrx_word' id='word_1_46' title='bbox 663 1307 739 1370; x_wconf 91' lang='lat' dir='ltr'>deus</span> <span class='ocrx_word' id='word_1_47' title='bbox 761 1306 925 1369; x_wconf 87' lang='lat' dir='ltr'>introivit!</span> 
     </span>
    </p>

    <p class='ocr_par' dir='ltr' id='par_1_5' title="bbox 221 1410 1094 1603">
     <span class='ocr_line' id='line_1_10' title="bbox 221 1410 1094 1497; baseline -0.006 -20"><span class='ocrx_word' id='word_1_48' title='bbox 221 1448 225 1455; x_wconf 94' lang='lat'>·</span> <span class='ocrx_word' id='word_1_49' title='bbox 291 1412 338 1477; x_wconf 86' lang='lat' dir='ltr'>Tu</span> <span class='ocrx_word' id='word_1_50' title='bbox 363 1435 395 1478; x_wconf 90' lang='lat' dir='ltr'>es</span> <span class='ocrx_word' id='word_1_51' title='bbox 417 1411 512 1497; x_wconf 87' lang='lat' dir='ltr'>longe</span> <span class='ocrx_word' id='word_1_52' title='bbox 534 1433 591 1496; x_wconf 90' lang='lat' dir='ltr'>per</span> <span class='ocrx_word' id='word_1_53' title='bbox 613 1410 785 1494; x_wconf 82' lang='lat' dir='ltr'>prophetas</span> <span class='ocrx_word' id='word_1_54' title='bbox 808 1414 882 1473; x_wconf 89' lang='lat' dir='ltr'>ante</span> <span class='ocrx_word' id='word_1_55' title='bbox 905 1410 1094 1494; x_wconf 81' lang='lat' dir='ltr'>prophetata</span> 
     </span>
     <span class='ocr_line' id='line_1_11' title="bbox 291 1515 1036 1603; baseline -0.001 -22"><span class='ocrx_word' id='word_1_56' title='bbox 291 1518 397 1603; x_wconf 82' lang='lat' dir='ltr'>Atque</span> <span class='ocrx_word' id='word_1_57' title='bbox 419 1522 453 1581; x_wconf 92' lang='lat' dir='ltr'>tu</span> <span class='ocrx_word' id='word_1_58' title='bbox 479 1540 535 1601; x_wconf 90' lang='lat' dir='ltr'>per</span> <span class='ocrx_word' id='word_1_59' title='bbox 556 1516 753 1601; x_wconf 86' lang='lat' dir='ltr'>patriarchas</span> <span class='ocrx_word' id='word_1_60' title='bbox 776 1539 808 1580; x_wconf 89' lang='lat' dir='ltr'>es</span> <span class='ocrx_word' id='word_1_61' title='bbox 830 1515 1036 1601; x_wconf 84' lang='lat' dir='ltr'>prefigurata.</span> 
     </span>
    </p>

    <p class='ocr_par' dir='ltr' id='par_1_6' title="bbox 212 1622 1040 1812">
     <span class='ocr_line' id='line_1_12' title="bbox 212 1622 945 1707; baseline -0.001 -20"><span class='ocrx_word' id='word_1_62' title='bbox 212 1644 263 1679; x_wconf 77' lang='lat' dir='ltr'>noo</span> <span class='ocrx_word' id='word_1_63' title='bbox 291 1622 339 1687; x_wconf 79' lang='lat' dir='ltr'>Tu</span> <span class='ocrx_word' id='word_1_64' title='bbox 363 1646 395 1687; x_wconf 84' lang='lat' dir='ltr'>es</span> <span class='ocrx_word' id='word_1_65' title='bbox 419 1623 505 1687; x_wconf 92' lang='lat' dir='ltr'>omni</span> <span class='ocrx_word' id='word_1_66' title='bbox 528 1622 633 1686; x_wconf 84' lang='lat' dir='ltr'>seculo</span> <span class='ocrx_word' id='word_1_67' title='bbox 656 1643 713 1705; x_wconf 88' lang='lat' dir='ltr'>pro</span> <span class='ocrx_word' id='word_1_68' title='bbox 736 1623 849 1707; x_wconf 86' lang='lat' dir='ltr'>regina</span> <span class='ocrx_word' id='word_1_69' title='bbox 871 1622 945 1686; x_wconf 87' lang='lat' dir='ltr'>data</span> 
     </span>
     <span class='ocr_line' id='line_1_13' title="bbox 290 1726 1040 1812; baseline -0.007 -18"><span class='ocrx_word' id='word_1_70' title='bbox 290 1728 422 1794; x_wconf 86' lang='lat' dir='ltr'>Necnon</span> <span class='ocrx_word' id='word_1_71' title='bbox 445 1727 632 1812; x_wconf 84' lang='lat' dir='ltr'>imperatrix</span> <span class='ocrx_word' id='word_1_72' title='bbox 654 1749 686 1791; x_wconf 89' lang='lat' dir='ltr'>es</span> <span class='ocrx_word' id='word_1_73' title='bbox 710 1726 850 1792; x_wconf 88' lang='lat' dir='ltr'>celorum</span> <span class='ocrx_word' id='word_1_74' title='bbox 872 1727 1040 1811; x_wconf 84' lang='lat' dir='ltr'>appellata.</span> 
     </span>
    </p>

    <p class='ocr_par' dir='ltr' id='par_1_7' title="bbox 80 1833 1169 2759">
     <span class='ocr_line' id='line_1_14' title="bbox 291 1833 921 1915; baseline -0.005 -16"><span class='ocrx_word' id='word_1_75' title='bbox 291 1835 352 1899; x_wconf 91' lang='lat' dir='ltr'>Per</span> <span class='ocrx_word' id='word_1_76' title='bbox 374 1834 585 1899; x_wconf 81' lang='lat' dir='ltr'>obedientiam</span> <span class='ocrx_word' id='word_1_77' title='bbox 606 1838 641 1898; x_wconf 92' lang='lat' dir='ltr'>tu</span> <span class='ocrx_word' id='word_1_78' title='bbox 665 1839 755 1915; x_wconf 79' lang='lat' dir='ltr'>tuam</span> <span class='ocrx_word' id='word_1_79' title='bbox 778 1833 921 1897; x_wconf 87' lang='lat' dir='ltr'>meruisti</span> 
     </span>
     <span class='ocr_line' id='line_1_15' title="bbox 293 1935 936 2020; baseline -0.003 -17"><span class='ocrx_word' id='word_1_80' title='bbox 293 1939 383 2015; x_wconf 86' lang='lat' dir='ltr'>Quod</span> <span class='ocrx_word' id='word_1_81' title='bbox 405 1942 441 2002; x_wconf 91' lang='lat' dir='ltr'>tu</span> <span class='ocrx_word' id='word_1_82' title='bbox 463 1939 521 2003; x_wconf 90' lang='lat' dir='ltr'>deo</span> <span class='ocrx_word' id='word_1_83' title='bbox 544 1938 677 2002; x_wconf 86' lang='lat' dir='ltr'>creatori</span> <span class='ocrx_word' id='word_1_84' title='bbox 701 1941 757 2001; x_wconf 87' lang='lat' dir='ltr'>tuo</span> <span class='ocrx_word' id='word_1_85' title='bbox 779 1935 936 2020; x_wconf 90' lang='lat' dir='ltr'>placuisti.</span> 
     </span>
     <span class='ocr_line' id='line_1_16' title="bbox 291 2041 1135 2126; baseline -0.002 -18"><span class='ocrx_word' id='word_1_86' title='bbox 291 2042 376 2108; x_wconf 90' lang='lat' dir='ltr'>Nam</span> <span class='ocrx_word' id='word_1_87' title='bbox 399 2044 440 2107; x_wconf 89' lang='lat' dir='ltr'>ob</span> <span class='ocrx_word' id='word_1_88' title='bbox 463 2043 523 2107; x_wconf 91' lang='lat' dir='ltr'>hoc</span> <span class='ocrx_word' id='word_1_89' title='bbox 544 2043 628 2126; x_wconf 92' lang='lat' dir='ltr'>quod</span> <span class='ocrx_word' id='word_1_90' title='bbox 650 2041 756 2105; x_wconf 81' lang='lat' dir='ltr'>verbis</span> <span class='ocrx_word' id='word_1_91' title='bbox 778 2042 843 2105; x_wconf 88' lang='lat' dir='ltr'>suis</span> <span class='ocrx_word' id='word_1_92' title='bbox 866 2042 1013 2106; x_wconf 89' lang='lat' dir='ltr'>obediens</span> <span class='ocrx_word' id='word_1_93' title='bbox 1036 2043 1135 2122; x_wconf 68' lang='lat' dir='ltr'>fuisti</span> 
     </span>
     <span class='ocr_line' id='line_1_17' title="bbox 213 2146 1084 2233; baseline -0.002 -20"><span class='ocrx_word' id='word_1_94' title='bbox 213 2169 264 2205; x_wconf 74' lang='lat'>⁷60⁵</span> <span class='ocrx_word' id='word_1_95' title='bbox 290 2148 379 2233; x_wconf 80' lang='lat' dir='ltr'>Ergo</span> <span class='ocrx_word' id='word_1_96' title='bbox 402 2149 493 2233; x_wconf 85' lang='lat' dir='ltr'>virgo</span> <span class='ocrx_word' id='word_1_97' title='bbox 517 2168 704 2231; x_wconf 86' lang='lat' dir='ltr'>permanens</span> <span class='ocrx_word' id='word_1_98' title='bbox 726 2146 882 2210; x_wconf 87' lang='lat' dir='ltr'>infantem</span> <span class='ocrx_word' id='word_1_99' title='bbox 905 2147 1084 2230; x_wconf 87' lang='lat' dir='ltr'>concepisti.</span> 
     </span>
     <span class='ocr_line' id='line_1_18' title="bbox 290 2240 1123 2338; baseline 0.001 -21"><span class='ocrx_word' id='word_1_100' title='bbox 290 2240 352 2317; x_wconf 90' lang='lat' dir='ltr'>Hic</span> <span class='ocrx_word' id='word_1_101' title='bbox 374 2252 481 2318; x_wconf 87' lang='lat' dir='ltr'>infans</span> <span class='ocrx_word' id='word_1_102' title='bbox 503 2257 577 2317; x_wconf 90' lang='lat' dir='ltr'>tuus</span> <span class='ocrx_word' id='word_1_103' title='bbox 599 2256 707 2316; x_wconf 89' lang='lat' dir='ltr'>noster</span> <span class='ocrx_word' id='word_1_104' title='bbox 728 2256 777 2316; x_wconf 92' lang='lat' dir='ltr'>est</span> <span class='ocrx_word' id='word_1_105' title='bbox 799 2275 855 2317; x_wconf 83' lang='lat' dir='ltr'>rex</span> <span class='ocrx_word' id='word_1_106' title='bbox 876 2256 908 2317; x_wconf 86' lang='lat' dir='ltr'>ct</span> <span class='ocrx_word' id='word_1_107' title='bbox 929 2254 1123 2338; x_wconf 88' lang='lat' dir='ltr'>gubernator</span> 
     </span>
     <span class='ocr_line' id='line_1_19' title="bbox 291 2358 882 2437; baseline -0.002 -14"><span class='ocrx_word' id='word_1_108' title='bbox 291 2359 334 2423; x_wconf 78' lang='lat' dir='ltr'>ut</span> <span class='ocrx_word' id='word_1_109' title='bbox 357 2360 456 2423; x_wconf 87' lang='lat' dir='ltr'>totius</span> <span class='ocrx_word' id='word_1_110' title='bbox 478 2358 575 2424; x_wconf 88' lang='lat' dir='ltr'>seculi</span> <span class='ocrx_word' id='word_1_111' title='bbox 598 2359 673 2422; x_wconf 89' lang='lat' dir='ltr'>deus</span> <span class='ocrx_word' id='word_1_112' title='bbox 696 2362 728 2423; x_wconf 90' lang='lat' dir='ltr'>et</span> <span class='ocrx_word' id='word_1_113' title='bbox 750 2363 882 2437; x_wconf 82' lang='lat' dir='ltr'>creator,</span> 
     </span>
     <span class='ocr_line' id='line_1_20' title="bbox 291 2463 1096 2548; baseline -0.002 -19"><span class='ocrx_word' id='word_1_114' title='bbox 291 2464 335 2529; x_wconf 78' lang='lat' dir='ltr'>Et</span> <span class='ocrx_word' id='word_1_115' title='bbox 357 2487 413 2548; x_wconf 88' lang='lat' dir='ltr'>per</span> <span class='ocrx_word' id='word_1_116' title='bbox 435 2484 562 2543; x_wconf 80' lang='lat' dir='ltr'>carnem</span> <span class='ocrx_word' id='word_1_117' title='bbox 584 2485 680 2545; x_wconf 89' lang='lat' dir='ltr'>quam</span> <span class='ocrx_word' id='word_1_118' title='bbox 702 2486 720 2526; x_wconf 85' lang='lat' dir='ltr'>a</span> <span class='ocrx_word' id='word_1_119' title='bbox 743 2468 799 2527; x_wconf 91' lang='lat' dir='ltr'>tuo</span> <span class='ocrx_word' id='word_1_120' title='bbox 822 2463 951 2547; x_wconf 88' lang='lat' dir='ltr'>corpore</span> <span class='ocrx_word' id='word_1_121' title='bbox 973 2467 1096 2529; x_wconf 83' lang='lat' dir='ltr'>sacrato</span> 
     </span>
     <span class='ocr_line' id='line_1_21' title="bbox 291 2568 1028 2654; baseline 0.001 -21"><span class='ocrx_word' id='word_1_122' title='bbox 291 2569 398 2654; x_wconf 79' lang='lat' dir='ltr'>Atque</span> <span class='ocrx_word' id='word_1_123' title='bbox 419 2568 661 2653; x_wconf 15' lang='lat' dir='ltr'>per-libidinem</span> <span class='ocrx_word' id='word_1_124' title='bbox 684 2590 847 2652; x_wconf 88' lang='lat' dir='ltr'>nunquam</span> <span class='ocrx_word' id='word_1_125' title='bbox 870 2569 1028 2635; x_wconf 85' lang='lat' dir='ltr'>maculato</span> 
     </span>
     <span class='ocr_line' id='line_1_22' title="bbox 80 2672 1169 2759; baseline -0.006 -14"><span class='ocrx_word' id='word_1_126' title='bbox 80 2720 92 2745; x_wconf 58' lang='grc' dir='ltr'><em>ι</em></span> <span class='ocrx_word' id='word_1_127' title='bbox 213 2694 265 2730; x_wconf 79' lang='lat'><strong>‘1⁶1⁰</strong></span> <span class='ocrx_word' id='word_1_128' title='bbox 291 2674 483 2759; x_wconf 87' lang='lat' dir='ltr'>Assumpsit‚</span> <span class='ocrx_word' id='word_1_129' title='bbox 506 2695 606 2759; x_wconf 87' lang='lat' dir='ltr'>genus</span> <span class='ocrx_word' id='word_1_130' title='bbox 628 2672 795 2737; x_wconf 88' lang='lat' dir='ltr'>hominum</span> <span class='ocrx_word' id='word_1_131' title='bbox 816 2674 849 2736; x_wconf 91' lang='lat' dir='ltr'>in</span> <span class='ocrx_word' id='word_1_132' title='bbox 874 2676 990 2738; x_wconf 88' lang='lat' dir='ltr'>mundo</span> <span class='ocrx_word' id='word_1_133' title='bbox 1008 2675 1169 2755; x_wconf 82' lang='lat' dir='ltr'>iiberavit,</span> 
     </span>
    </p>

    <p class='ocr_par' dir='ltr' id='par_1_8' title="bbox 292 2778 1052 3178">
     <span class='ocr_line' id='line_1_23' title="bbox 292 2778 1052 2865; baseline -0.003 -20"><span class='ocrx_word' id='word_1_134' title='bbox 292 2780 429 2865; x_wconf 87' lang='lat' dir='ltr'>Lapsum</span> <span class='ocrx_word' id='word_1_135' title='bbox 452 2784 484 2844; x_wconf 90' lang='lat' dir='ltr'>et</span> <span class='ocrx_word' id='word_1_136' title='bbox 506 2778 685 2863; x_wconf 89' lang='lat' dir='ltr'>angelicum</span> <span class='ocrx_word' id='word_1_137' title='bbox 707 2778 740 2841; x_wconf 90' lang='lat' dir='ltr'>in</span> <span class='ocrx_word' id='word_1_138' title='bbox 764 2779 830 2843; x_wconf 90' lang='lat' dir='ltr'>celo</span> <span class='ocrx_word' id='word_1_139' title='bbox 853 2780 1052 2843; x_wconf 84' lang='lat' dir='ltr'>restauravit.</span> 
     </span>
     <span class='ocr_line' id='line_1_24' title="bbox 292 2884 1030 2970; baseline -0.003 -20"><span class='ocrx_word' id='word_1_140' title='bbox 292 2886 380 2970; x_wconf 82' lang='lat' dir='ltr'>Ergo</span> <span class='ocrx_word' id='word_1_141' title='bbox 403 2885 495 2969; x_wconf 84' lang='lat' dir='ltr'>virgo</span> <span class='ocrx_word' id='word_1_142' title='bbox 518 2885 695 2948; x_wconf 90' lang='lat' dir='ltr'>veneranda</span> <span class='ocrx_word' id='word_1_143' title='bbox 717 2905 799 2947; x_wconf 89' lang='lat' dir='ltr'>nunc</span> <span class='ocrx_word' id='word_1_144' title='bbox 822 2884 1030 2967; x_wconf 86' lang='lat' dir='ltr'>proficiscaris</span> 
     </span>
     <span class='ocr_line' id='line_1_25' title="bbox 292 2989 975 3073; baseline 0 -19"><span class='ocrx_word' id='word_1_145' title='bbox 292 2989 371 3054; x_wconf 76' lang='lat' dir='ltr'>Cum</span> <span class='ocrx_word' id='word_1_146' title='bbox 393 2990 586 3054; x_wconf 88' lang='lat' dir='ltr'>iocunditate</span> <span class='ocrx_word' id='word_1_147' title='bbox 609 2989 710 3052; x_wconf 88' lang='lat' dir='ltr'>cordis</span> <span class='ocrx_word' id='word_1_148' title='bbox 733 2992 765 3052; x_wconf 90' lang='lat' dir='ltr'>et</span> <span class='ocrx_word' id='word_1_149' title='bbox 787 2989 975 3073; x_wconf 83' lang='lat' dir='ltr'>ingrediaris</span> 
     </span>
     <span class='ocr_line' id='line_1_26' title="bbox 292 3093 1036 3178; baseline 0.001 -21"><span class='ocrx_word' id='word_1_150' title='bbox 292 3093 343 3158; x_wconf 79' lang='lat' dir='ltr'>Ad</span> <span class='ocrx_word' id='word_1_151' title='bbox 365 3095 415 3158; x_wconf 92' lang='lat' dir='ltr'>dei</span> <span class='ocrx_word' id='word_1_152' title='bbox 437 3094 537 3178; x_wconf 88' lang='lat' dir='ltr'>patris</span> <span class='ocrx_word' id='word_1_153' title='bbox 558 3093 662 3157; x_wconf 89' lang='lat' dir='ltr'>filium</span> <span class='ocrx_word' id='word_1_154' title='bbox 684 3097 779 3177; x_wconf 86' lang='lat' dir='ltr'>atque</span> <span class='ocrx_word' id='word_1_155' title='bbox 801 3098 892 3158; x_wconf 87' lang='lat' dir='ltr'>tunm</span> <span class='ocrx_word' id='word_1_156' title='bbox 915 3100 1036 3173; x_wconf 87' lang='lat' dir='ltr'>natum,</span> 
     </span>
    </p>

    <p class='ocr_par' dir='ltr' id='par_1_9' title="bbox 184 3190 1121 3284">
     <span class='ocr_line' id='line_1_27' title="bbox 184 3190 1121 3284; baseline -0.005 -21"><span class='ocrx_word' id='word_1_157' title='bbox 184 3190 186 3195; x_wconf 35' lang='lat'><strong><em>¹</em></strong></span> <span class='ocrx_word' id='word_1_158' title='bbox 215 3217 266 3254; x_wconf 75' lang='grc'><strong>7717</strong></span> <span class='ocrx_word' id='word_1_159' title='bbox 293 3200 511 3264; x_wconf 73' lang='lat' dir='ltr'>Et‘thronum</span> <span class='ocrx_word' id='word_1_160' title='bbox 534 3200 625 3284; x_wconf 90' lang='lat' dir='ltr'>regni</span> <span class='ocrx_word' id='word_1_161' title='bbox 647 3199 771 3282; x_wconf 84' lang='lat' dir='ltr'>posside</span> <span class='ocrx_word' id='word_1_162' title='bbox 795 3199 855 3263; x_wconf 94' lang='lat' dir='ltr'>tibi</span> <span class='ocrx_word' id='word_1_163' title='bbox 878 3204 1081 3283; x_wconf 82' lang='lat' dir='ltr'>preparatum</span> <span class='ocrx_word' id='word_1_164' title='bbox 1094 3203 1121 3264; x_wconf 73' lang='lat' dir='ltr'>t«</span> 
     </span>
    </p>
   </div>
   <div class='ocr_carea' id='block_1_3' title="bbox 347 3488 1060 3614">
    <p class='ocr_par' dir='ltr' id='par_1_10' title="bbox 347 3488 1060 3614">
     <span class='ocr_line' id='line_1_28' title="bbox 347 3488 1060 3614; baseline 0.006 -25"><span class='ocrx_word' id='word_1_165' title='bbox 347 3517 467 3591; x_wconf 86' lang='lat' dir='ltr'>Maria</span> <span class='ocrx_word' id='word_1_166' title='bbox 495 3519 697 3614; x_wconf 87' lang='lat' dir='ltr'>suscipitur</span> <span class='ocrx_word' id='word_1_167' title='bbox 724 3544 747 3592; x_wconf 87' lang='lat' dir='ltr'>a</span> <span class='ocrx_word' id='word_1_168' title='bbox 775 3488 908 3613; x_wconf 88' lang='lat' dir='ltr'>quinto</span> <span class='ocrx_word' id='word_1_169' title='bbox 936 3518 1060 3593; x_wconf 87' lang='lat' dir='ltr'>choro.</span> 
     </span>
    </p>
   </div>
   <div class='ocr_carea' id='block_1_4' title="bbox 135 3724 1325 4554">
    <p class='ocr_par' dir='ltr' id='par_1_11' title="bbox 293 3724 1325 4023">
     <span class='ocr_line' id='line_1_29' title="bbox 294 3724 1325 3813; baseline 0.002 -22"><span class='ocrx_word' id='word_1_170' title='bbox 294 3724 378 3792; x_wconf 91' lang='lat' dir='ltr'>Hinc</span> <span class='ocrx_word' id='word_1_171' title='bbox 402 3727 441 3791; x_wconf 84' lang='lat' dir='ltr'>ad</span> <span class='ocrx_word' id='word_1_172' title='bbox 464 3727 594 3790; x_wconf 89' lang='lat' dir='ltr'>chorum</span> <span class='ocrx_word' id='word_1_173' title='bbox 616 3728 708 3812; x_wconf 84' lang='lat' dir='ltr'>virgo</span> <span class='ocrx_word' id='word_1_174' title='bbox 731 3729 818 3792; x_wconf 87' lang='lat' dir='ltr'>venit</span> <span class='ocrx_word' id='word_1_175' title='bbox 840 3728 895 3812; x_wconf 91' lang='lat' dir='ltr'>qui</span> <span class='ocrx_word' id='word_1_176' title='bbox 918 3732 966 3791; x_wconf 88' lang='lat' dir='ltr'>est</span> <span class='ocrx_word' id='word_1_177' title='bbox 988 3730 1164 3813; x_wconf 85' lang='lat' dir='ltr'>appellatus</span> <span class='ocrx_word' id='word_1_178' title='bbox 1211 3788 1213 3792; x_wconf 90' lang='lat'>.</span> <span class='ocrx_word' id='word_1_179' title='bbox 1322 3769 1325 3775; x_wconf 77' lang='lat'><em>‚</em></span> 
     </span>
     <span class='ocr_line' id='line_1_30' title="bbox 294 3832 1151 3918; baseline 0 -21"><span class='ocrx_word' id='word_1_180' title='bbox 294 3832 426 3916; x_wconf 85' lang='lat' dir='ltr'>Scriptis</span> <span class='ocrx_word' id='word_1_181' title='bbox 449 3833 482 3895; x_wconf 92' lang='lat' dir='ltr'>in</span> <span class='ocrx_word' id='word_1_182' title='bbox 507 3833 672 3897; x_wconf 87' lang='lat' dir='ltr'>autenticis</span> <span class='ocrx_word' id='word_1_183' title='bbox 695 3838 877 3897; x_wconf 87' lang='lat' dir='ltr'>sanctorum</span> <span class='ocrx_word' id='word_1_184' title='bbox 902 3832 1151 3918; x_wconf 75' lang='lat' dir='ltr'>»Principatusa</span> 
     </span>
     <span class='ocr_line' id='line_1_31' title="bbox 293 3936 949 4023; baseline 0.002 -22"><span class='ocrx_word' id='word_1_185' title='bbox 293 3936 385 4002; x_wconf 86' lang='lat' dir='ltr'>lllius</span> <span class='ocrx_word' id='word_1_186' title='bbox 407 3937 494 4001; x_wconf 89' lang='lat' dir='ltr'>chori</span> <span class='ocrx_word' id='word_1_187' title='bbox 517 3937 647 4020; x_wconf 89' lang='lat' dir='ltr'>spiritus</span> <span class='ocrx_word' id='word_1_188' title='bbox 669 3960 740 4023; x_wconf 88' lang='lat' dir='ltr'>cum</span> <span class='ocrx_word' id='word_1_189' title='bbox 762 3938 949 4003; x_wconf 87' lang='lat' dir='ltr'>iubilatione</span> 
     </span>
    </p>

    <p class='ocr_par' dir='ltr' id='par_1_12' title="bbox 233 4041 958 4124">
     <span class='ocr_line' id='line_1_32' title="bbox 233 4041 958 4124; baseline 0 -16"><span class='ocrx_word' id='word_1_190' title='bbox 233 4085 236 4091; x_wconf 91' lang='lat'><em>-</em></span> <span class='ocrx_word' id='word_1_191' title='bbox 294 4041 442 4109; x_wconf 85' lang='lat' dir='ltr'>Universi</span> <span class='ocrx_word' id='word_1_192' title='bbox 464 4047 676 4107; x_wconf 82' lang='lat' dir='ltr'>convenerunt</span> <span class='ocrx_word' id='word_1_193' title='bbox 700 4047 731 4107; x_wconf 91' lang='lat' dir='ltr'>et</span> <span class='ocrx_word' id='word_1_194' title='bbox 756 4044 958 4124; x_wconf 82' lang='lat' dir='ltr'>exultatione,</span> 
     </span>
    </p>

    <p class='ocr_par' dir='ltr' id='par_1_13' title="bbox 216 4148 1127 4446">
     <span class='ocr_line' id='line_1_33' title="bbox 216 4148 1127 4235; baseline 0.009 -32"><span class='ocrx_word' id='word_1_195' title='bbox 216 4166 268 4205; x_wconf 75' lang='lat' dir='ltr'>raso</span> <span class='ocrx_word' id='word_1_196' title='bbox 295 4148 374 4215; x_wconf 85' lang='lat' dir='ltr'>Cum</span> <span class='ocrx_word' id='word_1_197' title='bbox 396 4150 513 4235; x_wconf 84' lang='lat' dir='ltr'>gaudio</span> <span class='ocrx_word' id='word_1_198' title='bbox 535 4150 740 4232; x_wconf 87' lang='lat' dir='ltr'>suscipientes</span> <span class='ocrx_word' id='word_1_199' title='bbox 763 4148 898 4214; x_wconf 89' lang='lat' dir='ltr'>Mariam</span> <span class='ocrx_word' id='word_1_200' title='bbox 920 4154 1055 4215; x_wconf 88' lang='lat' dir='ltr'>matrem</span> <span class='ocrx_word' id='word_1_201' title='bbox 1079 4149 1127 4213; x_wconf 94' lang='lat' dir='ltr'>dei</span> 
     </span>
     <span class='ocr_line' id='line_1_34' title="bbox 294 4254 1071 4339; baseline -0.001 -20"><span class='ocrx_word' id='word_1_202' title='bbox 294 4254 331 4319; x_wconf 91' lang='lat' dir='ltr'>In</span> <span class='ocrx_word' id='word_1_203' title='bbox 353 4255 480 4339; x_wconf 87' lang='lat' dir='ltr'>hymnis</span> <span class='ocrx_word' id='word_1_204' title='bbox 503 4259 599 4338; x_wconf 86' lang='lat' dir='ltr'>atque</span> <span class='ocrx_word' id='word_1_205' title='bbox 622 4255 751 4319; x_wconf 86' lang='lat' dir='ltr'>canticis</span> <span class='ocrx_word' id='word_1_206' title='bbox 774 4255 831 4320; x_wconf 92' lang='lat' dir='ltr'>hec</span> <span class='ocrx_word' id='word_1_207' title='bbox 853 4257 999 4321; x_wconf 87' lang='lat' dir='ltr'>dicebant</span> <span class='ocrx_word' id='word_1_208' title='bbox 1022 4256 1071 4319; x_wconf 90' lang='lat' dir='ltr'>ei:</span> 
     </span>
     <span class='ocr_line' id='line_1_35' title="bbox 296 4358 1057 4446; baseline 0 -23"><span class='ocrx_word' id='word_1_209' title='bbox 296 4358 382 4434; x_wconf 73' lang='lat' dir='ltr'>»Que</span> <span class='ocrx_word' id='word_1_210' title='bbox 405 4365 452 4424; x_wconf 89' lang='lat' dir='ltr'>est</span> <span class='ocrx_word' id='word_1_211' title='bbox 474 4362 536 4425; x_wconf 88' lang='lat' dir='ltr'>ista</span> <span class='ocrx_word' id='word_1_212' title='bbox 558 4362 698 4444; x_wconf 86' lang='lat' dir='ltr'>speciosa</span> <span class='ocrx_word' id='word_1_213' title='bbox 721 4362 811 4446; x_wconf 82' lang='lat' dir='ltr'>virgo</span> <span class='ocrx_word' id='word_1_214' title='bbox 834 4385 895 4446; x_wconf 88' lang='lat' dir='ltr'>que</span> <span class='ocrx_word' id='word_1_215' title='bbox 917 4361 1057 4425; x_wconf 87' lang='lat' dir='ltr'>ascendit</span> 
     </span>
    </p>

    <p class='ocr_par' dir='ltr' id='par_1_14' title="bbox 135 4463 1046 4554">
     <span class='ocr_line' id='line_1_36' title="bbox 135 4463 1046 4554; baseline 0.005 -25"><span class='ocrx_word' id='word_1_216' title='bbox 135 4548 137 4551; x_wconf 13' lang='grc' dir='ltr'><strong><em>ι</em></strong></span> <span class='ocrx_word' id='word_1_217' title='bbox 268 4493 271 4500; x_wconf 96' lang='grc'><strong><em>·</em></strong></span> <span class='ocrx_word' id='word_1_218' title='bbox 295 4463 382 4529; x_wconf 85' lang='lat' dir='ltr'>Sicut</span> <span class='ocrx_word' id='word_1_219' title='bbox 404 4467 484 4530; x_wconf 80' lang='lat' dir='ltr'>fumi</span> <span class='ocrx_word' id='word_1_220' title='bbox 506 4467 641 4554; x_wconf 86' lang='lat' dir='ltr'>virgula,</span> <span class='ocrx_word' id='word_1_221' title='bbox 665 4467 710 4532; x_wconf 88' lang='lat' dir='ltr'>sic</span> <span class='ocrx_word' id='word_1_222' title='bbox 731 4467 777 4531; x_wconf 89' lang='lat' dir='ltr'>ire</span> <span class='ocrx_word' id='word_1_223' title='bbox 800 4490 862 4551; x_wconf 89' lang='lat' dir='ltr'>quo</span> <span class='ocrx_word' id='word_1_224' title='bbox 884 4463 1046 4534; x_wconf 81' lang='lat' dir='ltr'>intendit?</span> 
     </span>
    </p>
   </div>
   <div class='ocr_carea' id='block_1_5' title="bbox 0 0 1514 5125">
    <p class='ocr_par' dir='ltr' id='par_1_15' title="bbox 0 0 1514 5125">
     <span class='ocr_line' id='line_1_37' title="bbox 0 0 1514 5125; baseline 0 0"><span class='ocrx_word' id='word_1_225' title='bbox 0 0 1514 5125; x_wconf 95' lang='lat' dir='ltr'> </span> 
     </span>
    </p>
   </div>
  </div>
 </body>
</html>
