3000 5125
95 1541 287 1638 Explicit
313 1541 406 1617 liber
432 1542 577 1637 primus
606 1542 651 1617 de
679 1543 760 1616 vita
787 1543 947 1637 gloriose
967 1544 1124 1638 virginis
1146 1544 1274 1617 Maris.

374 1665 511 1760 incipit
537 1667 714 1761 prologus
742 1667 781 1738 in
810 1670 1025 1740 secundum.

283 1857 492 1943 Evangelista
514 1855 673 1922 Johannis
696 1857 816 1942 scripta
837 1861 1065 1941 protestantur,

283 1963 374 2040 Quod
395 1963 498 2027 multa
518 1963 612 2047 signa
632 1962 744 2028 feeerit
765 1960 859 2028 Jesus
882 1985 944 2047 que
966 1985 1030 2029 non
1053 1964 1233 2031 scribantur

203 2088 258 2126 nso
284 2067 417 2153 Scriptis
438 2070 472 2132 in
495 2068 680 2146 autenticis;
704 2090 761 2152 per
783 2090 855 2133 eum
877 2072 985 2133 tamen
1007 2069 1093 2134 facta

286 2173 367 2241 Sunt
388 2174 527 2259 plurima
550 2173 712 2259 magnalia
736 2195 798 2258 que
820 2195 977 2258 nusquam
1000 2179 1075 2241 sunt
1097 2176 1224 2241 redacta

284 2278 323 2344 ln
345 2278 435 2344 libris
458 2279 658 2364 evangelicis,
675 2279 742 2363 qui
765 2282 872 2343 tamen
894 2284 1069 2364 posuerunt

286 2384 423 2469 Tempus
445 2385 670 2469 predicationis
693 2385 770 2464 eius,
794 2388 827 2450 et
849 2385 1045 2469 seripserunt

286 2490 431 2556 Virtutes
453 2494 486 2555 et
507 2490 662 2555 miracula
685 2512 767 2576 quae
789 2490 892 2555 solum
915 2489 1053 2556 faciebat
1154 2519 1156 2522 ·

206 2616 258 2654 1⁴⁸⁵
285 2596 401 2661 Tribus
424 2596 526 2677 annia,
549 2619 621 2662 cum
644 2598 678 2661 in
699 2598 819 2662 mundo
842 2597 995 2681 populum
1017 2596 1159 2677 docebat,

286 2702 395 2767 Etiam
417 2703 618 2769 nativitatem
640 2703 707 2769 eius
729 2702 950 2781 describentes,

290 2805 425 2892 Reliqua
447 2830 509 2893 que
530 2809 602 2893 pius
625 2808 718 2874 Jesus
740 2807 818 2873 fecit
840 2807 1065 2872 ommittentes.

288 2913 340 2977 Ad
361 2935 481 2978 annum
500 2936 575 2978 nam
598 2913 780 2979 vicesimum
802 2935 923 2979 nonum
944 2912 991 2977 nil
1014 2912 1209 2995 scripserunt

287 3017 336 3081 De
357 3038 415 3082 sua
437 3017 636 3082 sanctissima
658 3018 733 3096 vita,
758 3038 833 3080 nam
854 3016 1015 3083 sciverunt

212 3143 264 3180 noo
291 3122 443 3189 Sufficere
464 3144 522 3206 pro
544 3123 618 3188 fidei
641 3122 891 3200 confirmatione,

292 3227 384 3304 Quod
405 3229 443 3293 de
465 3250 523 3292 sua
545 3227 719 3293 scriberent
741 3228 964 3313 predicatione.

290 3334 410 3399 Tamen
432 3333 539 3398 nullus
562 3333 697 3412 dubitat,
722 3333 800 3417 quin
822 3331 916 3398 Jesus
938 3335 1041 3398 multa
1063 3334 1157 3417 signa

290 3439 438 3506 Virtutes
460 3444 493 3504 et
515 3439 668 3507 miracula
691 3439 803 3504 fecerit
826 3461 888 3523 que
909 3440 1008 3523 digna

290 3547 410 3612 Forent
432 3546 471 3610 ad
494 3542 736 3610 instructionem
757 3543 924 3608 hominum
947 3545 1115 3628 scriptura.

130 3682 134 3687 ·
211 3671 266 3708 1⁴⁰⁶
291 3651 466 3736 Multisque
487 3649 633 3715 fidelibus
655 3653 729 3734 post
750 3648 811 3714 hoc
832 3672 891 3733 pro
913 3648 1033 3728 futura,

291 3756 329 3822 In
352 3756 563 3822 adolescentia
584 3755 650 3820 sive
672 3755 846 3833 iuventute,

292 3862 367 3929 Non
390 3860 508 3927 mansit
529 3859 622 3926 Jesus
646 3861 714 3926 sino
736 3860 836 3945 signis
860 3880 1039 3944 magnaque
1062 3859 1189 3924 virtute.

293 3969 344 4033 Ex
366 3967 497 4033 diversis
519 3988 595 4052 ergo
618 3965 709 4033 libris
731 3966 918 4050 diversaque
939 3964 1054 4049 collegi

16 4146 17 4161 ἶ
292 4074 336 4138 Et
357 4073 391 4137 in
413 4094 513 4136 unum
535 4093 613 4155 opus
625 4073 712 4136 stilo
735 4071 903 4135 rudissimo
926 4071 1043 4155 redegi,

17 4182 20 4327 ι
216 4200 268 4237 1⁶0⁰
294 4177 341 4245 Ut
363 4201 401 4243 ex
424 4177 600 4263 evangelio,
624 4178 708 4262 quod
730 4176 946 4242 Nazareorum

294 4283 446 4360 Vocatur,
471 4285 503 4347 et
525 4304 563 4346 ex
585 4281 646 4346 hoc
669 4282 753 4366 quod
776 4285 824 4345 est
846 4281 967 4345 dictum
990 4279 1196 4360 Hebreorum,

295 4389 386 4465 Quod
408 4393 536 4456 sanctus
557 4387 739 4453 Jeronimus
762 4386 860 4452 scitur
882 4384 1091 4463 transtulisse,

295 4493 339 4563 Et
361 4496 482 4563 nullam
504 4494 550 4563 ibi
572 4494 746 4563 falsitatem
769 4492 924 4561 oredimus
946 4490 1108 4581 scripsisse
