3000 5125
660 365 722 440 179

114 652 254 744 Quod,
271 654 385 730 Judei
411 654 622 732 deriserunt
647 656 779 730 lesum
807 657 846 729 in
873 675 982 730 oruoe
1010 656 1248 753 pendentem.

273 863 465 931 Pendentem
487 862 597 929 lesum
618 863 653 927 in
675 860 766 930 'oruee
788 863 883 929 Judei
905 864 1180 949 blasphemabant,

272 970 435 1035 Moveutes
456 989 516 1034 sua
539 969 644 1054 capita
666 968 865 1055 ridentesque
887 969 1085 1035 clamabant:

275 1072 404 1139 ›Vaohl
427 1074 483 1159 qui
505 1074 659 1159 templum
680 1075 816 1140 destruit
837 1077 869 1139 et
890 1074 970 1139 illud
991 1096 1067 1140 mox
1088 1080 1226 1141 ereetum
1349 1108 1352 1113 ·

272 1179 311 1245 ln
331 1181 438 1245 triduo
460 1179 602 1245 redifioat
623 1180 657 1244 in
680 1181 827 1246 omnibus
849 1179 1042 1265 perfectum!

194 1305 250 1342 ssu
277 1284 325 1351 De
347 1307 438 1351 cruce
458 1284 552 1350 modo
575 1286 751 1365 descendat,
775 1286 802 1351 si
824 1285 909 1350 filius
930 1289 980 1350 est
1001 1284 1051 1349 dei

271 1388 316 1455 Et
336 1412 370 1455 se
391 1376 515 1456 salvum
536 1390 642 1470 faeiat,
666 1395 703 1455 ut
722 1392 886 1456 credamus
908 1391 947 1456 ei.
976 1385 981 1396 ’

270 1493 310 1560 Se
331 1496 436 1579 ipsum
457 1495 580 1559 salvum
602 1494 706 1560 faeere
727 1518 792 1562 non
814 1499 920 1580 potest
941 1494 997 1579 qui
1018 1492 1154 1559 salvarit

271 1597 371 1678 Alios,
394 1604 426 1664 et
447 1603 589 1665 mortuos
611 1601 651 1666 ad
673 1600 774 1666 vitam
796 1599 974 1677 revooavit;

273 1702 308 1769 Si
330 1705 409 1784 vult,
432 1704 538 1788 ipsum
560 1704 674 1771 liberet
695 1706 781 1785 deus,
804 1707 839 1770 in
862 1727 925 1789 quo
947 1708 1062 1789 sperat,

192 1827 247 1867 ⁶2⁹⁶
273 1807 392 1875 Salutis
414 1815 446 1874 et
467 1810 622 1876 auxilium
644 1810 706 1875 sibi
727 1811 821 1877 modo
843 1809 935 1876 ferat.
981 1871 996 1882 ,,

148 2142 156 2152 ·
252 2126 306 2201 De
332 2127 542 2203 latronibus
570 2129 634 2223 qui
661 2127 876 2226 pendebant
903 2150 985 2202 oum
1014 2128 1116 2202 lesu.

272 2336 365 2404 Unus
387 2360 426 2404 ex
447 2337 626 2403 latronibus
648 2336 759 2403 Jesum
781 2336 1028 2422 blasphemavit:

271 2441 336 2508 >Te
346 2443 469 2508 salvum
481 2442 541 2523 fae,
558 2443 586 2507 si
597 2442 744 2508 Christus
760 2466 803 2523 es,
826 2446 859 2508 et
874 2459 931 2507 nos
946 2447 1081 2520 tecum«,
1097 2441 1257 2504 clamavit.

270 2548 321 2614 Ad
343 2571 436 2633 quem
459 2549 505 2614 ait
527 2548 607 2614 alter
629 2549 713 2615 latro
735 2547 966 2634 reprehendens
988 2569 1075 2612 eum:

271 2652 370 2718 »Cum
391 2654 434 2718 sis
457 2656 490 2718 in
513 2676 595 2738 pena
617 2654 725 2735 simili,
748 2676 806 2718 neo
827 2654 921 2717 times
942 2651 1045 2717 adhuo
1067 2652 1180 2715 deum!

189 2780 244 2817 troo
270 2756 338 2823 Nos
361 2780 433 2824 vero
457 2758 552 2844 digne
574 2759 737 2838 morimur,
760 2758 812 2822 bio
835 2756 916 2821 nihil
938 2755 1015 2820 mali
1037 2756 1153 2840 gessit3

269 2861 375 2929 Iustus
398 2868 446 2928 est
468 2867 500 2928 et
521 2864 681 2943 innooens,
704 2884 864 2947 nunquam
888 2861 940 2926 hio
960 2860 1123 2926 excessit<

269 2968 313 3033 nt
333 2970 373 3033 ad
395 2967 506 3033 lesum
528 2968 574 3032 ait
595 2968 662 3033 hier
694 2966 882 3046 »Memento
905 2987 985 3045 care,
1007 2966 1079 3045 mei,

266 3072 346 3138 Cum
368 3068 489 3138 veneris
510 3072 545 3136 in
566 3094 700 3158 regnum
720 3076 841 3137 tuum«
867 3070 956 3137 Tune
978 3069 1070 3135 Jesus
1093 3069 1140 3134 ait
1162 3069 1209 3133 ei:

270 3176 402 3258 »Amen,
425 3200 526 3256 amen,
550 3177 619 3241 dieo
641 3177 717 3255 tibi3
740 3176 834 3242 hodie
856 3176 1012 3242 ducereris

189 3301 243 3339 ⁵³⁰⁶
271 3285 320 3349 Ad
343 3283 481 3368 paradisi
503 3283 657 3369 gaudium
679 3282 788 3368 ibique
809 3303 932 3347 meeum
954 3282 1047 3346 eris«

278 3602 381 3688 Quod
408 3601 519 3678 lesus
546 3602 720 3698 spiritum
746 3601 872 3676 emisit
899 3601 938 3672 in
966 3620 1086 3673 oruoe.

270 3810 358 3878 Hora
379 3817 469 3878 sexta
490 3806 620 3877 tenebre
641 3810 725 3877 facte
746 3815 824 3875 tuno
845 3809 975 3875 fuerunt

265 3916 325 3983 Per
339 3941 465 3983 omnem
480 3923 598 3983 terram
612 3939 711 4002 usqne
726 3939 844 3982 nonam
855 3917 967 3980 horam
983 3934 1044 3997 que
1057 3914 1252 3976 manserunt.

268 4020 358 4087 Circa
379 4045 496 4088 nonam
518 4022 630 4088 horam
653 4023 731 4106 pius
745 4021 839 4087 lesus
859 4019 1057 4098 exclamavit,

267 4125 386 4211 Magna
409 4149 484 4191 voce
505 4131 629 4211 patrem
652 4125 718 4190 eius
741 4126 780 4190 de
802 4123 876 4190 celis
897 4123 1058 4190 invocavit

189 4250 241 4286 ⁵³10
268 4230 401 4297 Dicens:
429 4230 726 4315 »Lemazabaotany,
748 4229 833 4314 hely,
856 4229 940 4314 hely,
963 4229 1054 4314 hely!

266 4334 402 4401 Calicem
425 4358 520 4420 quem
542 4336 670 4400 dederas
692 4335 756 4399 iam
781 4335 847 4399 bibi
869 4338 960 4419 pater
981 4333 1078 4398 oeli!‹

266 4438 344 4506 Post
365 4440 426 4505 boc
449 4441 511 4505 ait:
536 4438 674 4506 »sinor«
699 4437 801 4523 Jesus,
826 4444 858 4504 et
880 4443 1003 4505 aestum

738 4544 742 4553 “
905 4565 922 4581 ·
991 4540 1049 4597 12*
