3000 5125
744 345 807 416 leo

540 650 595 725 De
621 649 768 745 legione
797 648 1009 723 demonum.

359 844 464 910 Homo
487 842 618 928 quidam
639 841 785 927 plurimis
808 840 962 906 demoniis
985 841 1141 919 obsessus,
1263 899 1265 905 .

359 947 412 1014 Ab
433 948 511 1033 ipsis
534 969 660 1032 quoque
682 948 822 1012 maxime
843 945 968 1032 flagitia
990 966 1164 1031 perpessus,

358 1051 410 1118 Ad
432 1052 543 1118 Jesum
564 1053 652 1117 venit
674 1056 707 1117 et
728 1075 801 1117 eum
824 1074 943 1137 pronus
966 1051 1119 1130 adoravit,

282 1178 334 1217 eser
360 1156 422 1224 Sed
445 1157 616 1222 multitudo
639 1157 805 1222 demonum
831 1157 871 1221 ad
893 1157 997 1241 ipsum
1019 1155 1225 1221 exclamavit:

363 1262 466 1339 »Quid
488 1264 536 1327 est
557 1260 649 1327 nobis
672 1265 768 1346 atque
790 1261 850 1325 tibi
873 1283 1048 1340 commune,
1072 1282 1127 1324 rex
1149 1258 1304 1337 celorum,

360 1368 438 1435 Jesu
461 1367 589 1446 Christi,
612 1367 660 1431 fili
682 1367 742 1446 dei,
765 1370 888 1433 creator
910 1368 1112 1432 seculorum?

361 1473 447 1538 Ante
468 1477 592 1557 tempus
614 1477 651 1537 tu
673 1472 800 1552 venisti,
822 1471 931 1537 volens
953 1493 1011 1535 nos
1034 1475 1191 1555 torquere,

361 1579 406 1644 Et
427 1577 527 1642 totius
548 1577 627 1641 iuris
649 1577 751 1642 nostri
774 1575 978 1661 cyrografum
1000 1575 1103 1641 delere
1115 1577 1143 1639 ἔ(

282 1705 334 1742 0000
360 1682 454 1749 Jesus
476 1686 592 1762 autem,
616 1687 652 1747 ut
674 1685 824 1760 tacerent,
846 1681 924 1766 ipsis
946 1680 1125 1765 imperavit,

359 1789 407 1856 Ut
429 1787 551 1853 exirent
573 1787 614 1851 ab
637 1786 746 1851 eodem
768 1787 907 1865 homine,
931 1786 1104 1851 mandevit.

361 1892 422 1959 Sed
445 1891 529 1977 quod
551 1912 603 1955 eos
626 1891 776 1969 mitteret,
798 1889 860 1955 hoc
882 1890 1028 1955 demones
1051 1890 1210 1969 timentes,

361 1996 569 2075 [nobiseum
592 1999 787 2081 rogavenmt
808 1995 913 2080 ipsum
935 1995 994 2060 heo
1016 1995 1173 2061 dicentes:

365 2102 430 2167 »Te
452 2124 612 2189 rogamus,
635 2123 676 2166 ne
697 2121 755 2165 nos
777 2100 888 2165 mittas
910 2104 1002 2167 extre
1023 2100 1184 2187 regionem

285 2226 336 2264 ³⁹⁰⁶
363 2205 430 2273 Neo
451 2208 486 2272 in
508 2205 659 2293 profundi
681 2206 803 2288 baratri
826 2206 1093 2272 desolationemtr

362 2310 455 2377 Jesus
478 2312 524 2376 ait
546 2310 586 2375 ed
608 2332 680 2375 eos:
706 2308 816 2385 »Quod
838 2312 886 2375 est
908 2331 1023 2376 nomen
1046 2293 1179 2377 'vobister

362 2416 623 2502 Responderunt:
648 2414 777 2501 »Legio
799 2436 915 2480 nomen
937 2414 998 2480 hoe
1020 2419 1068 2481 est
1090 2416 1213 2496 nobis«,

362 2521 444 2600 Quia
465 2522 631 2607 sexaginte
654 2543 708 2587 sex
731 2543 787 2587 sex
808 2521 898 2587 milia
919 2521 1059 2587 sexcenti

362 2629 518 2694 Demones
540 2631 753 2693 convenerant
775 2628 836 2693 hoc
857 2627 987 2692 homine
1008 2627 1144 2704 detenti3
1238 2612 1243 2619 ¹

284 2753 336 2790 ³⁹10
363 2732 425 2799 Sed
446 2738 522 2799 tuno
543 2754 641 2816 prope
662 2731 768 2796 locum
789 2731 880 2796 illum
904 2731 990 2815 porci
1013 2734 1242 2816 pascebantur3

364 2838 452 2923 Ergo
473 2836 583 2903 Jesum
606 2838 753 2902 demones
776 2837 913 2903 dicentes
936 2838 1166 2923 precabantur:

366 2942 470 3007 »Hinc
492 2942 520 3006 si
542 2945 578 3006 tu
600 2964 658 3007 nos
681 2942 777 3027 ejicis,
800 2943 949 3026 permitte
970 2965 1028 3008 nos
1050 2944 1172 3010 intrare

362 3046 479 3113 Porcos
501 3048 588 3127 istos,
612 3051 645 3112 et
666 3048 700 3112 in
724 3047 768 3112 eis
792 3051 961 3133 utrumque
984 3048 1140 3114 latitare«
1190 3045 1193 3049 ’

364 3152 434 3217 Ηο0
456 3150 600 3236 permisit
622 3151 686 3217 illis
708 3149 813 3232 Jesus,
837 3155 869 3216 et
890 3152 1000 3217 stetim
1023 3153 1224 3220 intraverunt

285 3276 337 3313 0000
363 3254 403 3320 In
425 3277 536 3340 porcos
558 3257 631 3323 illos
653 3261 686 3323 et
707 3279 760 3323 eos
782 3258 1052 3342 precipitaverunt

363 3360 401 3427 In
424 3363 523 3427 undas
544 3364 641 3428 maris
664 3366 696 3429 et
717 3368 810 3429 erant
831 3364 939 3450 gregis
961 3365 1101 3430 universi

365 3465 535 3532 Poroorum
557 3469 620 3533 duo
642 3469 731 3534 milia
755 3470 810 3555 qui
832 3475 908 3534 sunt
929 3470 975 3535 ibi
997 3471 1102 3536 mersi.

366 3570 455 3636 Tunc
477 3572 527 3637 vir
548 3574 602 3658 qui
626 3597 645 3639 e
668 3575 813 3641 demonio
835 3575 898 3640 fuit
921 3576 1084 3641 absolutus

365 3675 477 3742 Grates
500 3676 593 3743 Jesus
616 3680 727 3745 retulit
748 3681 846 3745 saluti
868 3682 1043 3746 restitutus.

402 3906 507 3991 Quod
533 3908 643 3982 Jesus
670 3911 869 3984 suscitavit
896 3911 1014 3985 filium
1041 3909 1169 4009 vidue
1256 3939 1260 3944 ·

286 4118 337 4154 0000
363 4095 416 4163 Ad
438 4099 600 4164 civitatem
622 4100 691 4165 ibet
712 4099 806 4166 Jesus
829 4099 935 4186 Naym
958 4124 1019 4201 que
1042 4104 1173 4166 vocatur

366 4204 410 4269 Et
431 4204 536 4288 ipsum
557 4227 675 4290 magna
696 4208 868 4271 multitudo
892 4206 992 4291 plebis
1012 4206 1221 4293 sequebatur3

278 4427 348 4487 3920
365 4428 390 4485 G
408 4426 513 4485 Naum.
771 4348 789 4389 *
