3000 5125
676 385 716 450 91

228 550 231 554 ἢ
281 563 334 630 Ab
356 563 503 629 omnibus
525 545 709 627 hominibus
732 562 818 646 quod
839 561 898 626 hec
920 560 1125 646 diligebatur,

279 668 545 736 Sibinecessaria
567 668 636 732 fore
658 690 719 753 que
742 666 885 731 sciebant

279 776 408 841 Dabant
430 779 526 859 atque
547 777 659 838 mutuo
681 773 744 837 sibi
767 772 1006 850 concedebatur,

195 899 252 937 2⁶⁸⁰
280 880 319 944 ui
342 879 551 944 reverentiam
574 898 725 962 magnam
748 876 943 954 exhibentes,

279 986 357 1051 Esse
380 987 471 1051 deam
493 984 704 1049 immortalem
726 984 829 1067 ipsam
852 986 1037 1074 asserentes,

278 1091 416 1178 Jesuque
439 1089 641 1175 prudentiam
662 1093 694 1152 et
718 1088 855 1152 formam
876 1087 1097 1164 ammirantur,

279 1196 369 1262 Joris
392 1217 459 1262 esse
480 1194 583 1259 filium
604 1194 709 1279 ipsum
730 1193 941 1259 testabantur.

115 1515 226 1600 Quod
246 1515 351 1610 pueri
367 1514 612 1610 Egyptiorum
628 1513 797 1586 fecerunt
815 1533 971 1605 puerum
985 1509 1010 1583 J
1012 1533 1117 1584 esum
1132 1534 1268 1605 regem.
1318 1572 1320 1578 .

281 1722 349 1788 Sibi
371 1744 479 1808 regem
504 1744 639 1807 puerum
661 1720 773 1786 Jesum
795 1720 1003 1805 prefecerunt,

203 1848 255 1885 ²5⁶⁵
282 1827 383 1913 Super
405 1832 501 1913 caput
522 1828 622 1912 ipsius
644 1849 793 1892 coronam
815 1830 999 1910 posuerunt,

279 1932 393 1999 Coram
415 1955 451 1999 eo
474 1936 653 2001 reverenter
674 1954 780 2017 genua
801 1932 971 2011 flectentes,

278 2039 441 2106 Honorem
464 2038 525 2103 sibi
547 2039 671 2126 regium
694 2059 803 2104 omnes
821 2036 1020 2103 exhibentes.

282 2349 285 2352 ’
367 2357 422 2431 De
448 2357 573 2431 reditu
599 2355 740 2450 Joseph
768 2355 807 2427 in
836 2353 1011 2428 Judeam.
1126 2400 1128 2404 >

274 2569 323 2633 De
346 2568 412 2634 celo
435 2569 550 2633 missus
571 2567 606 2632 in
628 2566 796 2652 Egyptum
818 2565 952 2651 angelus
974 2570 1022 2631 est
1044 2565 1083 2645 ei,

274 2674 327 2739 Ad
350 2673 472 2759 Joseph
496 2696 647 2759 sponsum
670 2673 805 2758 virginis
827 2671 930 2737 Mario
952 2671 1058 2736 dicens
1080 2671 1127 2736 ei:

196 2798 247 2835 25⁷0
279 2779 406 2865 »Sarga
429 2780 506 2845 tolle
528 2802 671 2865 puerum,
695 2801 766 2843 cum
790 2782 893 2842 matre
915 2777 1084 2842 revertaris

276 2883 315 2949 In
337 2889 456 2950 terram
478 2886 563 2950 Juda
586 2904 771 2969 properans,
794 2885 876 2949 nihil
898 2883 1044 2948 verearis.

273 2990 356 3068 Quia
374 2991 441 3074 jam
464 2990 606 3055 defuncti
628 2994 704 3054 sunt
726 2990 818 3074 pueri
839 2994 1005 3075 querentes

277 3097 426 3160 Animam
449 3096 588 3160 occidere
610 3093 783 3179 Jesumque
806 3095 957 3159 volentes.

274 3200 353 3265 Cum
376 3201 561 3267 mandatum
585 3201 634 3265 dei
657 3199 777 3285 Joseph
801 3223 856 3285 per
879 3201 1029 3284 angelum
1053 3199 1183 3275 audivit,

195 3325 246 3362 2⁶⁷⁵
275 3307 325 3370 Ad
346 3306 482 3370 reditum
505 3327 538 3371 se
562 3327 734 3390 properans
757 3306 867 3370 statim
889 3305 1046 3379 obedivit3

273 3409 377 3475 Notos
400 3414 433 3475 et
455 3411 575 3476 ricinos
598 3433 671 3476 suos
694 3417 824 3476 cunctos
847 3411 1043 3487 convocavit,

273 3514 318 3580 Et
340 3516 385 3580 eis
407 3516 445 3580 de
467 3517 571 3581 reditu
594 3538 651 3581 suo
673 3514 853 3594 nuntiavit3

273 3619 363 3704 Ipsos
387 3643 485 3685 unum
508 3622 610 3687 colere
632 3623 724 3687 deum
749 3621 953 3686 ammonebat

271 3724 423 3810 ldolaque
444 3749 591 3811 spernere
613 3727 694 3791 falsa
717 3728 935 3812 persuadebat.

193 3848 245 3888 seso
271 3831 319 3896 De
342 3833 434 3897 factis
458 3832 617 3898 beneficiis
639 3833 690 3897 his
712 3834 834 3918 gratias
857 3834 972 3918 agebat

273 3936 318 4000 Et
339 3959 418 4021 puer
440 3936 534 4002 Jesus
557 3938 741 4003 benedicens
764 3939 851 4021 ipsos
874 3939 1049 4003 recedebat.

167 4253 273 4338 Quod
300 4254 454 4350 Egyptii
482 4256 655 4328 fecerunt
681 4257 866 4350 imagines
895 4257 1012 4330 Mario
1040 4259 1079 4331 et
1105 4256 1207 4333 Jesu.

131 4446 136 4463 ²
271 4462 387 4530 Gentes
410 4465 575 4552 egyptiace
597 4467 724 4555 quando
746 4472 965 4557 perceperunt,
1004 4516 1010 4525 .
