3000 5125
652 406 714 482 163'

262 590 380 656 Filium
403 612 478 656 nam
500 591 619 675 peperi,
641 591 725 675 quod
749 589 870 654 factum
893 594 941 655 est
962 612 1018 674 per
1041 614 1151 672 eum3·

260 694 327 761 Sub
350 696 492 760 humana
513 694 615 778 specie
637 694 723 758 hunc
745 716 812 758 esse
834 697 912 778 puto
934 695 1057 761 deum«

179 818 236 856 4774
264 798 398 880 Pilatus,
421 804 458 863 ut
479 799 601 864 audivit
623 799 690 878 hec,
714 798 851 862 multum
873 804 921 863 est
942 800 1071 885 gavisus

260 904 308 969 De
329 905 432 969 salute
453 904 609 989 coniugis,
632 908 664 969 et
686 904 773 968 omni
796 904 889 968 modo
911 904 1000 970 nisus

262 1009 321 1074 Est
344 1032 363 1073 a
385 1008 495 1085 ,Iudeis
517 1007 624 1093 impiis
646 1007 757 1073 lesum
780 1009 924 1089 liberare,

261 1113 323 1178 Vel
344 1114 450 1197 ipsum
472 1113 512 1176 ad
534 1113 726 1197 presentiam
748 1110 871 1177 Cesaris
893 1133 1027 1180 serrare.

138 1416 253 1501 Quod
282 1415 396 1487 Judei
423 1414 609 1488 dederunt
636 1414 759 1487 Pilato
785 1417 983 1510 pecuniam
1009 1422 1053 1491 ut
1078 1422 1210 1495 lesum

584 1537 779 1611 occideret.

261 1748 435 1813 Audientes
456 1748 514 1812 hec
536 1745 631 1811 Judei
652 1747 818 1830 consilinm
842 1747 993 1829 leoenrnt,

181 1873 237 1910 erc
263 1852 345 1928 Quid
367 1856 497 1938 propter
518 1851 599 1915 illud
622 1851 762 1916 facerent
784 1856 816 1917 et
837 1853 973 1918 invicem
995 1856 1162 1925 dixerunt:

262 1957 377 2023 »Cesar
398 1958 484 2023 hunc
505 1958 533 2022 si
556 1958 681 2037 viderit,
704 1979 813 2023 omnes
835 1959 1079 2042 confundemur3
1185 1984 1187 1989 ·

262 2062 371 2148 Ipsum
393 2065 421 2129 si
444 2064 579 2129 audierit
601 2063 725 2128 sceleris
748 2084 936 2148 arguemur3

258 2167 396 2234 Romani
419 2172 446 2235 si
467 2171 625 2236 audierint
646 2193 799 2256 suamque
821 2172 997 2237 doctrinam

258 2273 302 2339 Et
325 2276 463 2342 viderint
483 2277 708 2342 miraculorum
732 2299 860 2341 suornm
884 2277 1082 2362 disciplinam

178 2397 232 2435 4774
259 2377 364 2463 Ipsam
388 2381 457 2446 fore
477 2373 663 2446 iudicabunt
685 2380 796 2464 utique
818 2380 968 2461 divinam,

256 2483 301 2548 Et
322 2485 403 2551 illud
424 2486 516 2551 nobis
538 2487 710 2550 maximam
734 2486 823 2550 cedet
843 2486 878 2549 in
901 2486 1040 2566 ruinam3

259 2591 304 2656 Et
326 2613 398 2656 eum
421 2593 574 2678 incipient
595 2592 698 2657 colere
718 2588 778 2676 pro
801 2592 859 2656 deo

257 2693 306 2761 Ao
327 2696 531 2762 testabuntur
552 2697 622 2763 fore
643 2719 760 2762 numen
783 2698 913 2762 celicum
937 2699 970 2761 in
993 2721 1049 2777 θος

256 2800 341 2866 Hine
363 2801 500 2867 Romani
522 2803 649 2867 venient
671 2806 815 2878 nostram
838 2804 877 2867 ad
900 2803 1063 2869 delendam

178 2924 230 2963 4777
258 2906 435 2989 Civitatem,
459 2931 514 2974 vos
538 2913 570 2974 et
592 2912 733 2973 nostram
756 2913 884 2994 gentem
907 2909 1089 2974 tollendam.

257 3012 301 3077 Et
323 3014 405 3078 inito
426 3015 558 3080 consilio
579 3014 750 3100 plurimam
773 3015 927 3079 dederunt

222 3106 223 3109 ¹
257 3117 379 3183 Presidi
400 3119 566 3203 pecuniam
590 3124 622 3184 et
643 3120 748 3204 ipsum
772 3126 973 3205 rogaverunt,
1029 3186 1032 3191 ,

173 3248 175 3251 ’
256 3221 303 3287 Ut
325 3220 435 3286 Jesurn
457 3223 507 3288 dei
529 3223 632 3287 filium
653 3227 756 3288 morte
778 3224 1010 3305 condemnaret,

256 3325 427 3412 Ipsumque
449 3327 593 3412 crucifigi
615 3328 727 3392 debere
749 3328 913 3394 iudicaret.

178 3448 230 3487 4777
257 3429 426 3497 Voluntati
448 3437 525 3498 tunc
547 3455 656 3498 eorum
678 3433 719 3498 ad
740 3435 988 3520 crucifigendum

256 3535 418 3622 Benignus
440 3535 533 3603 lesus
556 3539 694 3603 traditur
716 3544 749 3604 et
772 3540 812 3604 ad
834 3541 1047 3605 occidendum.

270 3851 399 3940 ouon
423 3854 534 3931 lesus
561 3860 730 3952 portavit
758 3881 906 3934 erucem
935 3883 1054 3933 suam.

258 4060 348 4129 Tune
369 4066 511 4130 tunicam
532 4088 722 4151 purpuream
747 4090 767 4131 a
789 4067 865 4133 Jesu
889 4050 1089 4134 retraxerunt

256 4168 301 4234 Et
323 4170 488 4235 clamidem
511 4170 696 4251 coccineam,
720 4178 753 4236 et
775 4196 901 4237 rursum
923 4175 1095 4240 induerunt

255 4274 341 4339 Eum
364 4276 428 4340 suis
451 4277 592 4342 vestibus
614 4277 654 4341 ad
676 4282 811 4343 mortem
835 4281 1032 4359 deducentes

175 4394 227 4432 4⁷⁹⁶
256 4377 405 4445 Baiulare
428 4402 518 4445 suam
542 4403 665 4446 crucem
687 4382 793 4466 ipsum
815 4384 1047 4468 compellentes.

254 4483 457 4570 Acceperunt
474 4488 541 4551 'duo
563 4485 653 4572 ligna
677 4509 738 4572 que
760 4488 889 4553 fuerant
913 4490 1035 4554 abiecta

978 4595 1008 4651 ll
1028 4595 1042 4628 *
