<?xml version="1.0" encoding="UTF-8"?>
<!DOCTYPE html PUBLIC "-//W3C//DTD XHTML 1.0 Transitional//EN"
    "http://www.w3.org/TR/xhtml1/DTD/xhtml1-transitional.dtd">
<html xmlns="http://www.w3.org/1999/xhtml" xml:lang="en" lang="en">
 <head>
  <title>
</title>
<meta http-equiv="Content-Type" content="text/html;charset=utf-8" />
  <meta name='ocr-system' content='tesseract 3.04.00' />
  <meta name='ocr-capabilities' content='ocr_page ocr_carea ocr_par ocr_line ocrx_word'/>
</head>
<body>
  <div class='ocr_page' id='page_1' title='image "./vitabeatevirgin02vggoog_0246.png"; bbox 0 0 3000 5125; ppageno 0'>
   <div class='ocr_carea' id='block_1_1' title="bbox 793 337 857 404">
    <p class='ocr_par' dir='ltr' id='par_1_1' title="bbox 793 337 857 404">
     <span class='ocr_line' id='line_1_1' title="bbox 793 337 857 404; baseline 0.031 -2"><span class='ocrx_word' id='word_1_1' title='bbox 793 337 857 404; x_wconf 80' lang='lat'>234</span> 
     </span>
    </p>
   </div>
   <div class='ocr_carea' id='block_1_2' title="bbox 315 510 1303 2810">
    <p class='ocr_par' dir='ltr' id='par_1_2' title="bbox 315 510 1303 2810">
     <span class='ocr_line' id='line_1_2' title="bbox 409 510 1128 607; baseline 0.007 -32"><span class='ocrx_word' id='word_1_2' title='bbox 409 510 538 592; x_wconf 75' lang='lat' dir='ltr'>PauluS,</span> <span class='ocrx_word' id='word_1_3' title='bbox 562 535 616 577; x_wconf 89' lang='lat' dir='ltr'>vas</span> <span class='ocrx_word' id='word_1_4' title='bbox 639 511 812 592; x_wconf 73' lang='lat' dir='ltr'>electionis,</span> <span class='ocrx_word' id='word_1_5' title='bbox 835 513 915 607; x_wconf 84' lang='lat' dir='ltr'>bene</span> <span class='ocrx_word' id='word_1_6' title='bbox 937 515 1128 596; x_wconf 70' lang='lat' dir='ltr'>consolatus,</span> 
     </span>
     <span class='ocr_line' id='line_1_3' title="bbox 407 617 1138 703; baseline 0.005 -21"><span class='ocrx_word' id='word_1_7' title='bbox 407 618 452 682; x_wconf 81' lang='lat' dir='ltr'>Et</span> <span class='ocrx_word' id='word_1_8' title='bbox 474 617 515 682; x_wconf 90' lang='lat' dir='ltr'>ab</span> <span class='ocrx_word' id='word_1_9' title='bbox 537 640 574 683; x_wconf 88' lang='lat' dir='ltr'>ea</span> <span class='ocrx_word' id='word_1_10' title='bbox 595 618 769 703; x_wconf 90' lang='lat' dir='ltr'>plurimum</span> <span class='ocrx_word' id='word_1_11' title='bbox 791 618 824 682; x_wconf 90' lang='lat' dir='ltr'>in</span> <span class='ocrx_word' id='word_1_12' title='bbox 847 619 908 683; x_wconf 89' lang='lat' dir='ltr'>fide</span> <span class='ocrx_word' id='word_1_13' title='bbox 924 620 1138 701; x_wconf 75' lang='lat' dir='ltr'>confortatus,</span> 
     </span>
     <span class='ocr_line' id='line_1_4' title="bbox 315 721 1156 816; baseline 0.007 -30"><span class='ocrx_word' id='word_1_14' title='bbox 315 811 318 814; x_wconf 18' lang='grc'>1</span> <span class='ocrx_word' id='word_1_15' title='bbox 343 727 347 732; x_wconf 86' lang='grc'><strong>’</strong></span> <span class='ocrx_word' id='word_1_16' title='bbox 409 721 549 816; x_wconf 81' lang='lat' dir='ltr'>Recessit</span> <span class='ocrx_word' id='word_1_17' title='bbox 572 747 591 788; x_wconf 91' lang='lat' dir='ltr'>a</span> <span class='ocrx_word' id='word_1_18' title='bbox 613 723 791 789; x_wconf 81' lang='lat' dir='ltr'>Jerusalem</span> <span class='ocrx_word' id='word_1_19' title='bbox 813 726 852 789; x_wconf 87' lang='lat' dir='ltr'>ad</span> <span class='ocrx_word' id='word_1_20' title='bbox 874 725 1156 812; x_wconf 82' lang='lat' dir='ltr'>evangelizandum</span> 
     </span>
     <span class='ocr_line' id='line_1_5' title="bbox 330 827 1274 917; baseline 0.002 -24"><span class='ocrx_word' id='word_1_21' title='bbox 330 846 382 884; x_wconf 76' lang='grc'>6666</span> <span class='ocrx_word' id='word_1_22' title='bbox 409 827 563 895; x_wconf 79' lang='lat' dir='ltr'>Gentibus</span> <span class='ocrx_word' id='word_1_23' title='bbox 586 834 618 895; x_wconf 90' lang='lat' dir='ltr'>at</span> <span class='ocrx_word' id='word_1_24' title='bbox 639 830 733 895; x_wconf 90' lang='lat' dir='ltr'>fidem</span> <span class='ocrx_word' id='word_1_25' title='bbox 756 830 876 896; x_wconf 80' lang='lat' dir='ltr'>Christi</span> <span class='ocrx_word' id='word_1_26' title='bbox 899 833 1016 896; x_wconf 88' lang='lat' dir='ltr'>mundo</span> <span class='ocrx_word' id='word_1_27' title='bbox 1039 833 1274 917; x_wconf 85' lang='lat' dir='ltr'>predicandum.</span> 
     </span>
     <span class='ocr_line' id='line_1_6' title="bbox 408 932 1212 1019; baseline 0.004 -21"><span class='ocrx_word' id='word_1_28' title='bbox 408 932 469 999; x_wconf 85' lang='lat' dir='ltr'>Sed</span> <span class='ocrx_word' id='word_1_29' title='bbox 491 934 635 1000; x_wconf 85' lang='lat' dir='ltr'>nationes</span> <span class='ocrx_word' id='word_1_30' title='bbox 658 935 812 1019; x_wconf 86' lang='lat' dir='ltr'>plurimas</span> <span class='ocrx_word' id='word_1_31' title='bbox 835 935 887 999; x_wconf 90' lang='lat' dir='ltr'>hic</span> <span class='ocrx_word' id='word_1_32' title='bbox 909 957 980 1000; x_wconf 88' lang='lat' dir='ltr'>cum</span> <span class='ocrx_word' id='word_1_33' title='bbox 1002 937 1212 1016; x_wconf 83' lang='lat' dir='ltr'>transivisset,</span> 
     </span>
     <span class='ocr_line' id='line_1_7' title="bbox 407 1038 1252 1120; baseline 0.005 -17"><span class='ocrx_word' id='word_1_34' title='bbox 407 1038 451 1102; x_wconf 82' lang='lat' dir='ltr'>Et</span> <span class='ocrx_word' id='word_1_35' title='bbox 473 1040 513 1103; x_wconf 93' lang='lat' dir='ltr'>ad</span> <span class='ocrx_word' id='word_1_36' title='bbox 535 1040 630 1105; x_wconf 89' lang='lat' dir='ltr'>fidem</span> <span class='ocrx_word' id='word_1_37' title='bbox 651 1038 728 1105; x_wconf 89' lang='lat' dir='ltr'>Jesu</span> <span class='ocrx_word' id='word_1_38' title='bbox 753 1039 872 1104; x_wconf 77' lang='lat' dir='ltr'>Christi</span> <span class='ocrx_word' id='word_1_39' title='bbox 894 1041 1012 1106; x_wconf 85' lang='lat' dir='ltr'>multos</span> <span class='ocrx_word' id='word_1_40' title='bbox 1036 1041 1252 1120; x_wconf 83' lang='lat' dir='ltr'>convertisset,</span> 
     </span>
     <span class='ocr_line' id='line_1_8' title="bbox 406 1143 1205 1231; baseline 0.003 -21"><span class='ocrx_word' id='word_1_41' title='bbox 406 1143 481 1210; x_wconf 89' lang='lat' dir='ltr'>Non</span> <span class='ocrx_word' id='word_1_42' title='bbox 504 1148 553 1209; x_wconf 92' lang='lat' dir='ltr'>est</span> <span class='ocrx_word' id='word_1_43' title='bbox 574 1143 693 1209; x_wconf 87' lang='lat' dir='ltr'>oblitus</span> <span class='ocrx_word' id='word_1_44' title='bbox 715 1168 890 1231; x_wconf 91' lang='lat' dir='ltr'>pauperum</span> <span class='ocrx_word' id='word_1_45' title='bbox 911 1146 1052 1212; x_wconf 89' lang='lat' dir='ltr'>fidelium</span> <span class='ocrx_word' id='word_1_46' title='bbox 1075 1146 1205 1212; x_wconf 90' lang='lat' dir='ltr'>illorum</span> 
     </span>
     <span class='ocr_line' id='line_1_9' title="bbox 408 1247 1194 1330; baseline 0.003 -17"><span class='ocrx_word' id='word_1_47' title='bbox 408 1247 585 1313; x_wconf 74' lang='lat' dir='ltr'>Jerusalem</span> <span class='ocrx_word' id='word_1_48' title='bbox 607 1250 806 1314; x_wconf 88' lang='lat' dir='ltr'>manentium</span> <span class='ocrx_word' id='word_1_49' title='bbox 826 1250 964 1316; x_wconf 85' lang='lat' dir='ltr'>fratrum</span> <span class='ocrx_word' id='word_1_50' title='bbox 986 1255 1019 1316; x_wconf 85' lang='lat' dir='ltr'>et</span> <span class='ocrx_word' id='word_1_51' title='bbox 1040 1273 1194 1330; x_wconf 88' lang='lat' dir='ltr'>sororum,</span> 
     </span>
     <span class='ocr_line' id='line_1_10' title="bbox 332 1353 1160 1440; baseline 0.013 -31"><span class='ocrx_word' id='word_1_52' title='bbox 332 1373 383 1411; x_wconf 77' lang='lat' dir='ltr'>roso</span> <span class='ocrx_word' id='word_1_53' title='bbox 409 1353 460 1418; x_wconf 91' lang='lat' dir='ltr'>lbi</span> <span class='ocrx_word' id='word_1_54' title='bbox 482 1377 561 1438; x_wconf 88' lang='lat' dir='ltr'>quos</span> <span class='ocrx_word' id='word_1_55' title='bbox 584 1355 756 1439; x_wconf 89' lang='lat' dir='ltr'>reliquerat</span> <span class='ocrx_word' id='word_1_56' title='bbox 777 1355 812 1419; x_wconf 93' lang='lat' dir='ltr'>in</span> <span class='ocrx_word' id='word_1_57' title='bbox 835 1376 952 1440; x_wconf 84' lang='lat' dir='ltr'>magna</span> <span class='ocrx_word' id='word_1_58' title='bbox 973 1359 1160 1440; x_wconf 87' lang='lat' dir='ltr'>paupertate</span> 
     </span>
     <span class='ocr_line' id='line_1_11' title="bbox 409 1458 1002 1544; baseline 0.007 -22"><span class='ocrx_word' id='word_1_59' title='bbox 409 1458 515 1524; x_wconf 86' lang='lat' dir='ltr'>Famis</span> <span class='ocrx_word' id='word_1_60' title='bbox 539 1464 571 1525; x_wconf 87' lang='lat' dir='ltr'>et</span> <span class='ocrx_word' id='word_1_61' title='bbox 593 1460 733 1544; x_wconf 87' lang='lat' dir='ltr'>penurie,</span> <span class='ocrx_word' id='word_1_62' title='bbox 758 1483 830 1525; x_wconf 90' lang='lat' dir='ltr'>cum</span> <span class='ocrx_word' id='word_1_63' title='bbox 852 1461 1002 1526; x_wconf 85' lang='lat' dir='ltr'>societate</span> 
     </span>
     <span class='ocr_line' id='line_1_12' title="bbox 410 1555 1181 1651; baseline 0.001 -21"><span class='ocrx_word' id='word_1_64' title='bbox 410 1564 488 1631; x_wconf 90' lang='lat' dir='ltr'>Jesu</span> <span class='ocrx_word' id='word_1_65' title='bbox 509 1566 631 1646; x_wconf 89' lang='lat' dir='ltr'>matris,</span> <span class='ocrx_word' id='word_1_66' title='bbox 654 1555 817 1632; x_wconf 86' lang='lat' dir='ltr'>universas</span> <span class='ocrx_word' id='word_1_67' title='bbox 840 1568 896 1651; x_wconf 89' lang='lat' dir='ltr'>qui</span> <span class='ocrx_word' id='word_1_68' title='bbox 918 1589 991 1631; x_wconf 86' lang='lat' dir='ltr'>suas</span> <span class='ocrx_word' id='word_1_69' title='bbox 1013 1565 1181 1631; x_wconf 77' lang='lat' dir='ltr'>facultates</span> 
     </span>
     <span class='ocr_line' id='line_1_13' title="bbox 410 1669 1073 1754; baseline 0.006 -21"><span class='ocrx_word' id='word_1_70' title='bbox 410 1671 455 1734; x_wconf 83' lang='lat' dir='ltr'>Et</span> <span class='ocrx_word' id='word_1_71' title='bbox 476 1692 526 1734; x_wconf 89' lang='lat' dir='ltr'>res</span> <span class='ocrx_word' id='word_1_72' title='bbox 548 1672 795 1754; x_wconf 85' lang='lat' dir='ltr'>expendiderant</span> <span class='ocrx_word' id='word_1_73' title='bbox 816 1673 851 1735; x_wconf 92' lang='lat' dir='ltr'>in</span> <span class='ocrx_word' id='word_1_74' title='bbox 873 1669 1073 1737; x_wconf 82' lang='lat' dir='ltr'>necessitates</span> 
     </span>
     <span class='ocr_line' id='line_1_14' title="bbox 410 1775 1303 1861; baseline 0 -22"><span class='ocrx_word' id='word_1_75' title='bbox 410 1776 645 1860; x_wconf 84' lang='lat' dir='ltr'>Apostolorum,</span> <span class='ocrx_word' id='word_1_76' title='bbox 670 1800 768 1861; x_wconf 89' lang='lat' dir='ltr'>quum</span> <span class='ocrx_word' id='word_1_77' title='bbox 790 1777 886 1841; x_wconf 88' lang='lat' dir='ltr'>simul</span> <span class='ocrx_word' id='word_1_78' title='bbox 907 1775 1084 1842; x_wconf 89' lang='lat' dir='ltr'>Jerusalem</span> <span class='ocrx_word' id='word_1_79' title='bbox 1104 1779 1303 1855; x_wconf 85' lang='lat' dir='ltr'>manserunt,</span> 
     </span>
     <span class='ocr_line' id='line_1_15' title="bbox 333 1879 1246 1967; baseline 0.001 -24"><span class='ocrx_word' id='word_1_80' title='bbox 333 1898 384 1935; x_wconf 80' lang='grc'>6666</span> <span class='ocrx_word' id='word_1_81' title='bbox 411 1879 630 1967; x_wconf 82' lang='lat' dir='ltr'>Fideh&#39;umque</span> <span class='ocrx_word' id='word_1_82' title='bbox 652 1887 828 1948; x_wconf 88' lang='lat' dir='ltr'>ceterorum</span> <span class='ocrx_word' id='word_1_83' title='bbox 849 1905 921 1947; x_wconf 84' lang='lat' dir='ltr'>cum</span> <span class='ocrx_word' id='word_1_84' title='bbox 943 1883 1007 1947; x_wconf 89' lang='lat' dir='ltr'>illis</span> <span class='ocrx_word' id='word_1_85' title='bbox 1029 1882 1084 1967; x_wconf 88' lang='lat' dir='ltr'>qui</span> <span class='ocrx_word' id='word_1_86' title='bbox 1106 1880 1246 1948; x_wconf 87' lang='lat' dir='ltr'>fuerunt.</span> 
     </span>
     <span class='ocr_line' id='line_1_16' title="bbox 408 1983 1184 2070; baseline 0.005 -23"><span class='ocrx_word' id='word_1_87' title='bbox 408 1983 468 2048; x_wconf 90' lang='lat' dir='ltr'>His</span> <span class='ocrx_word' id='word_1_88' title='bbox 492 1983 610 2050; x_wconf 87' lang='lat' dir='ltr'>Paulus</span> <span class='ocrx_word' id='word_1_89' title='bbox 632 2009 688 2070; x_wconf 90' lang='lat' dir='ltr'>per</span> <span class='ocrx_word' id='word_1_90' title='bbox 710 1987 854 2051; x_wconf 88' lang='lat' dir='ltr'>ecelesias</span> <span class='ocrx_word' id='word_1_91' title='bbox 876 1986 1024 2052; x_wconf 84' lang='lat' dir='ltr'>collectas</span> <span class='ocrx_word' id='word_1_92' title='bbox 1045 1987 1184 2052; x_wconf 87' lang='lat' dir='ltr'>faciebat</span> 
     </span>
     <span class='ocr_line' id='line_1_17' title="bbox 407 2088 1044 2169; baseline 0.005 -17"><span class='ocrx_word' id='word_1_93' title='bbox 407 2088 452 2152; x_wconf 81' lang='lat' dir='ltr'>Et</span> <span class='ocrx_word' id='word_1_94' title='bbox 473 2091 518 2154; x_wconf 87' lang='lat' dir='ltr'>eis</span> <span class='ocrx_word' id='word_1_95' title='bbox 541 2091 725 2156; x_wconf 89' lang='lat' dir='ltr'>elemosinas</span> <span class='ocrx_word' id='word_1_96' title='bbox 747 2092 854 2155; x_wconf 90' lang='lat' dir='ltr'>nutire</span> <span class='ocrx_word' id='word_1_97' title='bbox 875 2092 1044 2169; x_wconf 78' lang='lat' dir='ltr'>monebat3</span> 
     </span>
     <span class='ocr_line' id='line_1_18' title="bbox 406 2180 1091 2282; baseline 0.007 -25"><span class='ocrx_word' id='word_1_98' title='bbox 406 2180 451 2258; x_wconf 76' lang='lat' dir='ltr'>As</span> <span class='ocrx_word' id='word_1_99' title='bbox 472 2193 579 2261; x_wconf 87' lang='lat' dir='ltr'>fideles</span> <span class='ocrx_word' id='word_1_100' title='bbox 601 2196 765 2261; x_wconf 89' lang='lat' dir='ltr'>universos</span> <span class='ocrx_word' id='word_1_101' title='bbox 788 2197 840 2261; x_wconf 91' lang='lat' dir='ltr'>hic</span> <span class='ocrx_word' id='word_1_102' title='bbox 863 2197 1091 2282; x_wconf 87' lang='lat' dir='ltr'>deprecabatur</span> 
     </span>
     <span class='ocr_line' id='line_1_19' title="bbox 408 2297 1190 2387; baseline 0.003 -24"><span class='ocrx_word' id='word_1_103' title='bbox 408 2297 607 2385; x_wconf 69' lang='lat' dir='ltr'>cunctosque</span> <span class='ocrx_word' id='word_1_104' title='bbox 627 2303 804 2387; x_wconf 86' lang='lat' dir='ltr'>neophytos</span> <span class='ocrx_word' id='word_1_105' title='bbox 827 2303 930 2367; x_wconf 88' lang='lat' dir='ltr'>adhuc</span> <span class='ocrx_word' id='word_1_106' title='bbox 953 2302 1190 2383; x_wconf 84' lang='lat' dir='ltr'>exhortabatur,</span> 
     </span>
     <span class='ocr_line' id='line_1_20' title="bbox 329 2402 1108 2488; baseline 0.004 -21"><span class='ocrx_word' id='word_1_107' title='bbox 329 2419 380 2457; x_wconf 87' lang='grc'>6666</span> <span class='ocrx_word' id='word_1_108' title='bbox 407 2402 587 2488; x_wconf 87' lang='lat' dir='ltr'>Pauperum</span> <span class='ocrx_word' id='word_1_109' title='bbox 609 2405 786 2472; x_wconf 88' lang='lat' dir='ltr'>Jerusalem</span> <span class='ocrx_word' id='word_1_110' title='bbox 808 2412 845 2472; x_wconf 91' lang='lat' dir='ltr'>ut</span> <span class='ocrx_word' id='word_1_111' title='bbox 868 2408 1108 2472; x_wconf 86' lang='lat' dir='ltr'>recordarentur</span> 
     </span>
     <span class='ocr_line' id='line_1_21' title="bbox 408 2510 1118 2601; baseline 0.001 -25"><span class='ocrx_word' id='word_1_112' title='bbox 408 2510 451 2577; x_wconf 84' lang='lat' dir='ltr'>Et</span> <span class='ocrx_word' id='word_1_113' title='bbox 474 2513 512 2577; x_wconf 91' lang='lat' dir='ltr'>de</span> <span class='ocrx_word' id='word_1_114' title='bbox 534 2512 742 2601; x_wconf 84' lang='lat' dir='ltr'>facultatibus¹</span> <span class='ocrx_word' id='word_1_115' title='bbox 762 2513 813 2579; x_wconf 85' lang='lat' dir='ltr'>his</span> <span class='ocrx_word' id='word_1_116' title='bbox 836 2513 902 2579; x_wconf 89' lang='lat' dir='ltr'>suis</span> <span class='ocrx_word' id='word_1_117' title='bbox 923 2512 1118 2599; x_wconf 83' lang='lat' dir='ltr'>largirentur</span> 
     </span>
     <span class='ocr_line' id='line_1_22' title="bbox 407 2615 1079 2698; baseline 0.004 -18"><span class='ocrx_word' id='word_1_118' title='bbox 407 2615 519 2682; x_wconf 84' lang='lat' dir='ltr'>Victus</span> <span class='ocrx_word' id='word_1_119' title='bbox 542 2619 576 2682; x_wconf 91' lang='lat' dir='ltr'>in</span> <span class='ocrx_word' id='word_1_120' title='bbox 599 2617 776 2684; x_wconf 90' lang='lat' dir='ltr'>subsidium</span> <span class='ocrx_word' id='word_1_121' title='bbox 797 2623 830 2684; x_wconf 90' lang='lat' dir='ltr'>et</span> <span class='ocrx_word' id='word_1_122' title='bbox 852 2619 1079 2698; x_wconf 87' lang='lat' dir='ltr'>necessitatem,</span> 
     </span>
     <span class='ocr_line' id='line_1_23' title="bbox 407 2720 1201 2810; baseline 0 -23"><span class='ocrx_word' id='word_1_123' title='bbox 407 2720 457 2787; x_wconf 93' lang='lat' dir='ltr'>lbi</span> <span class='ocrx_word' id='word_1_124' title='bbox 480 2724 555 2810; x_wconf 90' lang='lat' dir='ltr'>quia</span> <span class='ocrx_word' id='word_1_125' title='bbox 576 2724 777 2789; x_wconf 87' lang='lat' dir='ltr'>sustinebant</span> <span class='ocrx_word' id='word_1_126' title='bbox 799 2744 950 2809; x_wconf 84' lang='lat' dir='ltr'>magnam</span> <span class='ocrx_word' id='word_1_127' title='bbox 971 2725 1201 2808; x_wconf 84' lang='lat' dir='ltr'>paupertatem.</span> 
     </span>
    </p>
   </div>
   <div class='ocr_carea' id='block_1_3' title="bbox 298 3010 1351 3134">
    <p class='ocr_par' dir='ltr' id='par_1_3' title="bbox 298 3010 1351 3134">
     <span class='ocr_line' id='line_1_24' title="bbox 298 3010 1351 3134; baseline 0.004 -25"><span class='ocrx_word' id='word_1_128' title='bbox 298 3036 403 3122; x_wconf 78' lang='lat' dir='ltr'>Quod</span> <span class='ocrx_word' id='word_1_129' title='bbox 430 3015 590 3134; x_wconf 88' lang='lat' dir='ltr'>apostoli</span> <span class='ocrx_word' id='word_1_130' title='bbox 618 3041 788 3113; x_wconf 89' lang='lat' dir='ltr'>fecerunt</span> <span class='ocrx_word' id='word_1_131' title='bbox 816 3039 991 3114; x_wconf 87' lang='lat' dir='ltr'>collectas</span> <span class='ocrx_word' id='word_1_132' title='bbox 1018 3059 1085 3132; x_wconf 90' lang='lat' dir='ltr'>pro</span> <span class='ocrx_word' id='word_1_133' title='bbox 1112 3010 1351 3134; x_wconf 84' lang='lat' dir='ltr'>pauperibus.</span> 
     </span>
    </p>
   </div>
   <div class='ocr_carea' id='block_1_4' title="bbox 228 3248 1313 4510">
    <p class='ocr_par' dir='ltr' id='par_1_4' title="bbox 228 3248 1313 4510">
     <span class='ocr_line' id='line_1_25' title="bbox 409 3248 1033 3335; baseline -0.003 -21"><span class='ocrx_word' id='word_1_134' title='bbox 409 3248 563 3315; x_wconf 86' lang='lat' dir='ltr'>Similiter</span> <span class='ocrx_word' id='word_1_135' title='bbox 585 3249 722 3335; x_wconf 86' lang='lat' dir='ltr'>apostoli</span> <span class='ocrx_word' id='word_1_136' title='bbox 745 3249 859 3333; x_wconf 90' lang='lat' dir='ltr'>reliqui</span> <span class='ocrx_word' id='word_1_137' title='bbox 881 3250 1033 3327; x_wconf 85' lang='lat' dir='ltr'>fecerunt,</span> 
     </span>
     <span class='ocr_line' id='line_1_26' title="bbox 331 3353 1127 3439; baseline -0.003 -21"><span class='ocrx_word' id='word_1_138' title='bbox 331 3373 382 3410; x_wconf 82' lang='grc'>6666</span> <span class='ocrx_word' id='word_1_139' title='bbox 408 3353 446 3418; x_wconf 91' lang='lat' dir='ltr'>In</span> <span class='ocrx_word' id='word_1_140' title='bbox 469 3354 586 3439; x_wconf 90' lang='lat' dir='ltr'>populo</span> <span class='ocrx_word' id='word_1_141' title='bbox 609 3355 664 3438; x_wconf 92' lang='lat' dir='ltr'>qui</span> <span class='ocrx_word' id='word_1_142' title='bbox 686 3354 756 3419; x_wconf 89' lang='lat' dir='ltr'>fieri</span> <span class='ocrx_word' id='word_1_143' title='bbox 778 3356 924 3419; x_wconf 85' lang='lat' dir='ltr'>collectas</span> <span class='ocrx_word' id='word_1_144' title='bbox 946 3357 1127 3418; x_wconf 86' lang='lat' dir='ltr'>statuerunt</span> 
     </span>
     <span class='ocr_line' id='line_1_27' title="bbox 409 3458 1269 3544; baseline 0 -20"><span class='ocrx_word' id='word_1_145' title='bbox 409 3458 532 3524; x_wconf 86' lang='lat' dir='ltr'>Sanctis</span> <span class='ocrx_word' id='word_1_146' title='bbox 555 3483 613 3544; x_wconf 87' lang='lat' dir='ltr'>pro</span> <span class='ocrx_word' id='word_1_147' title='bbox 638 3459 840 3544; x_wconf 87' lang='lat' dir='ltr'>pauperibus,</span> <span class='ocrx_word' id='word_1_148' title='bbox 866 3460 920 3543; x_wconf 92' lang='lat' dir='ltr'>qui</span> <span class='ocrx_word' id='word_1_149' title='bbox 943 3480 1060 3544; x_wconf 83' lang='lat' dir='ltr'>magna</span> <span class='ocrx_word' id='word_1_150' title='bbox 1083 3462 1269 3544; x_wconf 87' lang='lat' dir='ltr'>paupertate</span> 
     </span>
     <span class='ocr_line' id='line_1_28' title="bbox 409 3564 1203 3657; baseline 0 -29"><span class='ocrx_word' id='word_1_151' title='bbox 409 3564 596 3643; x_wconf 66' lang='lat' dir='ltr'>Mansmunt</span> <span class='ocrx_word' id='word_1_152' title='bbox 616 3566 650 3629; x_wconf 91' lang='lat' dir='ltr'>in</span> <span class='ocrx_word' id='word_1_153' title='bbox 672 3564 904 3657; x_wconf 27' lang='lat' dir='ltr'>Jerusalemlet</span> <span class='ocrx_word' id='word_1_154' title='bbox 927 3587 1032 3629; x_wconf 90' lang='lat' dir='ltr'>rerum</span> <span class='ocrx_word' id='word_1_155' title='bbox 1055 3568 1203 3650; x_wconf 85' lang='lat' dir='ltr'>egestate.</span> 
     </span>
     <span class='ocr_line' id='line_1_29' title="bbox 410 3668 1146 3754; baseline -0.001 -20"><span class='ocrx_word' id='word_1_156' title='bbox 410 3670 460 3734; x_wconf 84' lang='lat' dir='ltr'>Ex</span> <span class='ocrx_word' id='word_1_157' title='bbox 482 3671 597 3754; x_wconf 90' lang='lat' dir='ltr'>quibus</span> <span class='ocrx_word' id='word_1_158' title='bbox 619 3693 701 3735; x_wconf 91' lang='lat' dir='ltr'>unus</span> <span class='ocrx_word' id='word_1_159' title='bbox 728 3668 836 3736; x_wconf 85' lang='lat' dir='ltr'>extitit</span> <span class='ocrx_word' id='word_1_160' title='bbox 857 3669 996 3736; x_wconf 85' lang='lat' dir='ltr'>Jacobus</span> <span class='ocrx_word' id='word_1_161' title='bbox 1018 3668 1146 3753; x_wconf 83' lang='lat' dir='ltr'>Alphei,</span> 
     </span>
     <span class='ocr_line' id='line_1_30' title="bbox 409 3773 1189 3861; baseline 0 -23"><span class='ocrx_word' id='word_1_162' title='bbox 409 3773 471 3851; x_wconf 78' lang='lat' dir='ltr'>Qui</span> <span class='ocrx_word' id='word_1_163' title='bbox 491 3776 610 3842; x_wconf 86' lang='lat' dir='ltr'>mansit</span> <span class='ocrx_word' id='word_1_164' title='bbox 631 3777 664 3840; x_wconf 89' lang='lat' dir='ltr'>in</span> <span class='ocrx_word' id='word_1_165' title='bbox 688 3777 838 3861; x_wconf 89' lang='lat' dir='ltr'>obsequio</span> <span class='ocrx_word' id='word_1_166' title='bbox 861 3775 962 3840; x_wconf 85' lang='lat' dir='ltr'>Mario</span> <span class='ocrx_word' id='word_1_167' title='bbox 984 3775 1096 3840; x_wconf 89' lang='lat' dir='ltr'>matris</span> <span class='ocrx_word' id='word_1_168' title='bbox 1118 3774 1189 3853; x_wconf 87' lang='lat' dir='ltr'>dei;</span> 
     </span>
     <span class='ocr_line' id='line_1_31' title="bbox 329 3879 1313 3966; baseline -0.004 -20"><span class='ocrx_word' id='word_1_169' title='bbox 329 3900 381 3937; x_wconf 83' lang='grc'>6666</span> <span class='ocrx_word' id='word_1_170' title='bbox 407 3879 492 3946; x_wconf 88' lang='lat' dir='ltr'>Nam</span> <span class='ocrx_word' id='word_1_171' title='bbox 515 3903 586 3946; x_wconf 91' lang='lat' dir='ltr'>cum</span> <span class='ocrx_word' id='word_1_172' title='bbox 609 3904 665 3966; x_wconf 92' lang='lat' dir='ltr'>per</span> <span class='ocrx_word' id='word_1_173' title='bbox 687 3886 832 3947; x_wconf 85' lang='lat' dir='ltr'>sanctum</span> <span class='ocrx_word' id='word_1_174' title='bbox 854 3881 1001 3965; x_wconf 90' lang='lat' dir='ltr'>spiritum</span> <span class='ocrx_word' id='word_1_175' title='bbox 1024 3880 1160 3964; x_wconf 86' lang='lat' dir='ltr'>apostoli</span> <span class='ocrx_word' id='word_1_176' title='bbox 1183 3879 1313 3965; x_wconf 89' lang='lat' dir='ltr'>dispersi</span> 
     </span>
     <span class='ocr_line' id='line_1_32' title="bbox 408 3985 1097 4072; baseline 0 -22"><span class='ocrx_word' id='word_1_177' title='bbox 408 3985 551 4051; x_wconf 78' lang='lat' dir='ltr'>Fnerrmt</span> <span class='ocrx_word' id='word_1_178' title='bbox 573 4010 629 4072; x_wconf 90' lang='lat' dir='ltr'>per</span> <span class='ocrx_word' id='word_1_179' title='bbox 650 3988 818 4052; x_wconf 87' lang='lat' dir='ltr'>circuitum</span> <span class='ocrx_word' id='word_1_180' title='bbox 840 3985 925 4052; x_wconf 86' lang='lat' dir='ltr'>orbis</span> <span class='ocrx_word' id='word_1_181' title='bbox 947 3985 1097 4064; x_wconf 88' lang='lat' dir='ltr'>universi,</span> 
     </span>
     <span class='ocr_line' id='line_1_33' title="bbox 407 4090 1092 4175; baseline 0 -20"><span class='ocrx_word' id='word_1_182' title='bbox 407 4090 527 4157; x_wconf 88' lang='lat' dir='ltr'>Mansit</span> <span class='ocrx_word' id='word_1_183' title='bbox 549 4092 582 4156; x_wconf 93' lang='lat' dir='ltr'>in</span> <span class='ocrx_word' id='word_1_184' title='bbox 605 4091 782 4159; x_wconf 89' lang='lat' dir='ltr'>Jerusalem</span> <span class='ocrx_word' id='word_1_185' title='bbox 804 4091 942 4157; x_wconf 87' lang='lat' dir='ltr'>Jacobus</span> <span class='ocrx_word' id='word_1_186' title='bbox 965 4091 1092 4175; x_wconf 86' lang='lat' dir='ltr'>Alphei,</span> 
     </span>
     <span class='ocr_line' id='line_1_34' title="bbox 409 4184 1043 4282; baseline 0 -21"><span class='ocrx_word' id='word_1_187' title='bbox 409 4197 453 4262; x_wconf 81' lang='lat' dir='ltr'>Et</span> <span class='ocrx_word' id='word_1_188' title='bbox 476 4198 587 4263; x_wconf 88' lang='lat' dir='ltr'>sociati</span> <span class='ocrx_word' id='word_1_189' title='bbox 609 4184 740 4282; x_wconf 74' lang='lat' dir='ltr'>plurimi</span> <span class='ocrx_word' id='word_1_190' title='bbox 761 4199 868 4263; x_wconf 86' lang='lat' dir='ltr'>fideles</span> <span class='ocrx_word' id='word_1_191' title='bbox 891 4202 982 4263; x_wconf 89' lang='lat' dir='ltr'>erant</span> <span class='ocrx_word' id='word_1_192' title='bbox 1005 4197 1043 4276; x_wconf 91' lang='lat' dir='ltr'>ei,</span> 
     </span>
     <span class='ocr_line' id='line_1_35' title="bbox 409 4298 1275 4385; baseline -0.005 -19"><span class='ocrx_word' id='word_1_193' title='bbox 409 4303 471 4379; x_wconf 81' lang='lat' dir='ltr'>Qui</span> <span class='ocrx_word' id='word_1_194' title='bbox 495 4308 624 4368; x_wconf 87' lang='lat' dir='ltr'>cunctas</span> <span class='ocrx_word' id='word_1_195' title='bbox 647 4326 719 4368; x_wconf 89' lang='lat' dir='ltr'>suas</span> <span class='ocrx_word' id='word_1_196' title='bbox 742 4304 909 4369; x_wconf 88' lang='lat' dir='ltr'>facultates</span> <span class='ocrx_word' id='word_1_197' title='bbox 932 4302 1095 4367; x_wconf 89' lang='lat' dir='ltr'>dominum</span> <span class='ocrx_word' id='word_1_198' title='bbox 1118 4298 1275 4385; x_wconf 87' lang='lat' dir='ltr'>sequendo</span> 
     </span>
     <span class='ocr_line' id='line_1_36' title="bbox 228 4405 1256 4510; baseline -0.005 -37"><span class='ocrx_word' id='word_1_199' title='bbox 228 4494 238 4510; x_wconf 90' lang='lat'>.</span> <span class='ocrx_word' id='word_1_200' title='bbox 331 4428 381 4464; x_wconf 76' lang='grc'>6666</span> <span class='ocrx_word' id='word_1_201' title='bbox 408 4407 483 4473; x_wconf 89' lang='lat' dir='ltr'>Jam</span> <span class='ocrx_word' id='word_1_202' title='bbox 505 4409 624 4473; x_wconf 88' lang='lat' dir='ltr'>dudum</span> <span class='ocrx_word' id='word_1_203' title='bbox 647 4408 894 4495; x_wconf 85' lang='lat' dir='ltr'>expendiderant</span> <span class='ocrx_word' id='word_1_204' title='bbox 917 4412 949 4477; x_wconf 86' lang='lat' dir='ltr'>et</span> <span class='ocrx_word' id='word_1_205' title='bbox 970 4407 1046 4485; x_wconf 83' lang='lat' dir='ltr'>huic</span> <span class='ocrx_word' id='word_1_206' title='bbox 1067 4405 1256 4486; x_wconf 86' lang='lat' dir='ltr'>adherendo,</span> 
     </span>
    </p>
   </div>
   <div class='ocr_carea' id='block_1_5' title="bbox 0 0 1504 5125">
    <p class='ocr_par' dir='ltr' id='par_1_5' title="bbox 0 0 1504 5125">
     <span class='ocr_line' id='line_1_37' title="bbox 0 0 1504 5125; baseline 0 1"><span class='ocrx_word' id='word_1_207' title='bbox 0 0 1504 5125; x_wconf 95' lang='lat' dir='ltr'> </span> 
     </span>
    </p>
   </div>
  </div>
 </body>
</html>
