3000 5125
689 355 731 421 37

132 638 244 723 Quod
278 638 399 752 Maria
432 639 539 734 virgo
573 661 660 712 raro
699 638 981 732 egrediebatur,
1023 640 1063 710 et
1096 640 1142 711 de
1177 639 1288 711 modo

308 783 419 855 quern
449 760 615 835 habebat
641 760 681 833 in
709 760 1004 834 salutationibus
1031 761 1120 835 suis.

294 951 333 1017 In
355 954 416 1018 hoc
438 956 544 1018 autem
567 952 703 1038 collegio
724 952 829 1017 Maria
851 952 1038 1017 morabatur

295 1057 418 1143 lugiter
440 1062 472 1123 et
494 1058 597 1124 rarius
619 1057 851 1143 egredicbatur,

153 1185 157 1188 ·
293 1162 355 1228 Vel
376 1164 410 1228 in
432 1162 551 1247 templo
574 1162 693 1227 domini
715 1163 834 1227 mansit
857 1164 907 1227 vel
928 1163 962 1227 in
985 1163 1065 1229 cella

294 1267 374 1333 Eius
397 1268 572 1333 habitaculi
592 1267 731 1352 prudens
755 1268 812 1332 hec
835 1268 959 1352 puella3

233 1392 271 1429 sos
299 1370 372 1438 Alie
396 1373 450 1438 sed
473 1372 613 1457 virgines
635 1393 707 1437 cum
729 1372 960 1458 egrederuntur

297 1478 346 1543 Ad
370 1478 486 1543 amicos
510 1478 576 1543 sire
597 1481 700 1557 notos,
724 1481 761 1541 ut
784 1479 1024 1544 consolarentur

296 1583 348 1648 Ab
370 1584 426 1664 cis,
448 1583 541 1668 virgo
563 1580 667 1647 Maria
688 1581 757 1646 sola
780 1581 973 1662 remanebat,
1020 1619 1023 1624 ·

295 1688 415 1754 Domus
438 1692 533 1773 atque
555 1686 666 1771 templi
688 1686 738 1752 dei
761 1688 937 1752 custodiam
960 1688 1097 1753 tenebat.

296 1794 471 1880 Elysabeth
492 1798 630 1879 cognata
652 1814 709 1857 sua
731 1791 921 1877 quandoque
943 1792 1091 1858 veniebat

225 1919 271 1959 ¹⁹10
297 1899 484 1979 Jerusalem,
507 1921 579 1964 cum
601 1895 772 1962 Zacharias
794 1896 895 1981 ipsius
917 1897 967 1962 vir
989 1898 1124 1964 debebat

297 2004 391 2071 Vices
413 2027 486 2069 suas
509 2025 614 2090 agere,
638 2002 838 2068 sacerdotum
858 2026 965 2082 more;

295 2109 346 2175 Ad
369 2133 464 2195 quam
487 2108 556 2174 ibat
575 2108 682 2176 Maria
704 2108 754 2173 dei
777 2123 849 2173 cnm
870 2109 986 2175 timore

294 2215 399 2301 Ipsius
422 2214 599 2301 Elysabeth
622 2214 663 2278 ob
685 2213 930 2293 dilectationem,

297 2323 403 2408 Atque
425 2325 556 2407 propter
578 2320 776 2408 virtutesque
798 2317 1065 2399 consolationem

231 2447 271 2487 ⁹1⁶
296 2429 356 2496 Sed
378 2429 455 2494 illuc
477 2429 527 2493 rel
550 2427 629 2492 alias
651 2427 698 2491 ire
721 2447 794 2490 cum
816 2424 953 2504 volebat,

296 2535 451 2601 Decenter
474 2538 506 2600 et
528 2532 700 2618 composite
722 2526 818 2596 nimis
840 2530 1014 2598 incedebat.

295 2639 412 2706 Omnes
433 2643 539 2704 motus
562 2642 657 2723 atque
677 2641 787 2722 gestus
809 2658 882 2701 suos
905 2637 1124 2722 componebat,

296 2745 403 2832 Atque
424 2746 474 2810 sui
497 2744 697 2829 disciplinam
718 2743 859 2828 undique
880 2742 1019 2823 tenebat,

295 2851 409 2916 Erecta
431 2873 557 2915 sursum
578 2849 749 2934 procedens
773 2870 897 2931 semper
920 2847 1123 2927 ambulabat;

145 3003 149 3011 ,
231 2978 269 3014 sao
296 2956 415 3022 Tamen
437 2955 528 3021 raldo
550 2956 708 3020 modicum
729 2958 826 3038 caput
848 2952 1034 3034 inclinabat,

294 3063 339 3128 Et
361 3062 400 3127 ad
422 3066 541 3128 terram
563 3061 669 3126 oculos
691 3061 792 3145 ipsius
817 3060 951 3139 reflexit,

297 3169 509 3233 Transeuntes
531 3167 675 3232 homines
697 3187 833 3251 raroque
854 3166 1002 3250 respexit.

294 3272 370 3338 Non
393 3273 532 3338 habebat
554 3271 660 3337 oculos
683 3291 782 3357 vagos
804 3271 840 3335 in
862 3271 965 3336 eundo

298 3379 358 3444 Per
379 3380 527 3464 plateam,
551 3378 715 3442 continens
738 3378 842 3442 visum
863 3378 957 3442 corde
978 3378 1107 3442 mundo.

232 3502 270 3541 ⁹2⁶
297 3482 331 3548 si
352 3484 498 3549 fortassis
521 3483 635 3567 aliquis
658 3483 760 3566 ipsam
782 3483 954 3563 salutabat,

296 3588 349 3654 Illi
370 3590 508 3654 multum
530 3592 709 3674 reverenter
730 3589 841 3653 statim
862 3588 1039 3654 inclinabat

297 3696 433 3762 Dicens:
460 3695 546 3761 »Deo
567 3694 699 3781 gratias,
721 3695 845 3780 tibique
867 3718 930 3779 pax
952 3694 991 3759 de
1013 3694 1128 3760 solist«

296 3799 347 3865 Ita
369 3822 492 3886 semper
514 3800 702 3885 respondere
724 3800 847 3865 solebat
869 3801 927 3866 hec
949 3800 1062 3865 fidelis.

22 4080 25 4085 <
140 4029 246 4115 Quod
274 4033 355 4102 tam
384 4031 554 4104 extranei
580 4053 694 4126 quam
722 4031 804 4103 noti
832 4030 1044 4105 dilexerunt
1070 4031 1187 4104 talem
1215 4029 1287 4101 vir-

645 4177 783 4249 grnem.

296 4329 413 4394 Omnes
436 4330 491 4415 qui
514 4328 691 4396 Jerusalem
713 4332 844 4396 fuerunt
866 4334 1107 4411 commorantes,

229 4455 269 4493 oso
295 4434 340 4500 Et
361 4458 417 4520 per
439 4438 620 4502 universam
641 4441 760 4503 terram
782 4436 918 4502 Judeam
941 4436 1134 4515 habitantes,
