3000 5125
807 401 849 470 76

290 563 295 572 ’
343 601 395 639 2105
420 580 645 664 Receduntque
666 600 738 644 cum
762 579 879 665 gaudio
902 583 1099 665 matremque
1120 580 1308 646 salutentes.

422 686 482 752 Sed
504 686 555 750 his
578 689 732 769 epperens
756 684 888 770 angelus
911 683 1014 761 iussit,
1037 706 1077 750 ne
1098 684 1238 752 redirent

419 791 471 857 Ad
493 789 651 859 Herodem
673 788 727 859 sed
750 812 807 877 per
828 790 914 857 uum
936 789 1033 857 eliam
1058 789 1243 858 transirent.

497 1110 551 1183 De
579 1110 839 1205 purificatione
868 1111 1021 1204 virginis
1050 1112 1179 1187 Merie.

419 1321 557 1406 Tempus
579 1343 650 1385 cum
673 1321 873 1407 purgationis
897 1320 1031 1405 virginis
1054 1321 1214 1407 impletur,

419 1428 463 1492 lit
483 1428 655 1493 secundum
676 1427 781 1511 Moysi
803 1428 907 1512 legem
928 1431 1121 1511 portaretur,

341 1552 392 1590 2110
419 1532 502 1596 Puer
523 1533 557 1596 in
579 1530 756 1597 Jerusalem
779 1532 819 1597 ed
840 1534 995 1617 templum
1017 1532 1102 1597 hunc
1123 1533 1269 1612 ferentes,

420 1638 482 1703 Pro
504 1660 541 1702 eo
563 1638 642 1702 duos
663 1641 804 1703 turtures
827 1638 966 1704 offerunt
987 1642 1143 1723 parentes.

420 1742 556 1821 Quidam
576 1764 672 1806 senex
694 1740 820 1808 Simeon
843 1743 921 1808 illuc
942 1747 1019 1809 tunc
1041 1744 1181 1822 accessit,

418 1848 476 1913 cui
500 1849 629 1913 domum
650 1848 755 1933 gretie
777 1849 854 1913 deus
868 1847 937 1913 'hcc
959 1849 1122 1927 concessit,

421 1955 511 2031 Quod
534 1953 568 2017 in
590 1975 685 2018 carne
707 1954 801 2018 deum
825 1976 918 2019 snum
939 1955 1024 2020 foret
1045 1955 1098 2019 hic
1121 1956 1245 2020 visurum
1313 1981 1322 1998 r

341 2078 393 2116 211⁶
419 2059 601 2144 Antequam
624 2082 680 2144 per
702 2063 837 2124 mortem
858 2059 943 2124 foret
964 2082 984 2124 e
1005 2061 1073 2124 vite
1095 2060 1297 2125 discessurus,

418 2164 537 2230 Hicin
559 2166 652 2230 ulnus
674 2186 751 2251 ergo
774 2187 848 2229 sues
870 2187 1005 2248 puerum
1026 2165 1157 2249 accepit,

417 2270 623 2335 Decentundo
646 2270 684 2334 de
706 2270 814 2334 laudes
838 2270 996 2335 canticum
1018 2270 1157 2354 incepit:

420 2375 534 2440 »Nunc
555 2398 606 2440 me
628 2375 764 2440 dimittis
787 2376 914 2441 domine
935 2397 1007 2440 cum
1030 2397 1116 2460 poce,
1141 2374 1217 2459 quie
1240 2375 1302 2439 mei

416 2480 485 2545 Iam
507 2482 655 2546 viderunt
676 2482 759 2571 oculi
783 2480 923 2546 salutare
945 2481 1005 2560 dei,

339 2606 390 2643 ruo
417 2586 509 2662 Quod
530 2588 651 2672 perusti
673 2587 823 2673 gentibus
845 2588 885 2651 ed
907 2586 1162 2666 illuminandum,

415 2692 459 2756 Et
481 2694 520 2757 ud
542 2696 634 2758 tuum
656 2687 809 2777 populum
831 2692 931 2757 Israel
952 2692 1149 2757 salvandum.

416 2797 478 2862 Hie
499 2821 578 2883 puer
599 2799 661 2863 erit
683 2798 805 2881 positus
828 2797 938 2862 multis
959 2798 993 2861 in
1016 2798 1152 2874 ruinam,

418 2905 500 2981 Quia
521 2904 611 2969 dabit
632 2904 736 2969 seculo
759 2904 871 2968 solutis
895 2902 947 2966 hic
969 2903 1176 2967 doctrinam«

417 3009 468 3072 Ad
491 3013 624 3073 matrem
647 3011 753 3073 autem
775 3009 836 3073 eit:
864 3008 977 3073 »Hunc
1001 3032 1099 3094 quum
1122 3009 1296 3094 potientem

340 3132 391 3169 2125
419 3113 561 3193 Videbis,
583 3116 651 3179 eius
674 3114 799 3199 gladius
822 3118 912 3178 tunm
933 3115 1055 3179 scindet
1076 3120 1246 3180 mentem«

287 3414 392 3498 Quod
432 3416 588 3508 angelus
628 3416 794 3509 precepit
833 3416 857 3487 J
860 3416 973 3509 oseph
1014 3414 1113 3510 quod
1155 3416 1303 3507 fugeret
1343 3415 1380 3485 in

729 3539 933 3633 Egyptum.

415 3748 559 3834 Angelus
582 3750 731 3833 apparuit
754 3747 873 3832 Joseph
897 3748 1003 3813 dicens
1026 3748 1073 3813 ei:

417 3854 515 3918 »Cum
541 3859 642 3919 matre
665 3856 742 3920 tolle
765 3877 897 3939 puerum
921 3854 1041 3939 Joseph
1064 3876 1153 3919 serve
1173 3854 1242 3932 dei3

414 3958 452 4023 In
475 3959 641 4044 Egyptum
663 3959 769 4045 fugies
792 3963 825 4025 et
847 3960 988 4025 monebis
1010 3959 1067 4039 ibi,

413 4065 522 4129 Donec
546 4067 584 4130 sd
607 4068 639 4130 te
661 4066 790 4131 veniens
812 4066 889 4130 illuc
910 4065 1012 4130 dicam
1035 4065 1105 4129 tibi.

336 4188 387 4225 2130
414 4169 572 4247 Quoniam
595 4170 740 4234 futurum
762 4175 811 4234 est
833 4174 870 4234 ut
893 4175 1006 4254 queret
1029 4170 1068 4235 ad
1091 4168 1287 4254 perdendum

413 4274 482 4339 Rex
506 4274 646 4340 Herodes
668 4296 802 4359 puerum
824 4280 857 4341 et
879 4276 918 4340 ed
941 4276 1153 4341 occidendum.

823 4399 841 4437 *

329 4500 383 4557 Der
400 4500 543 4560 ebechnitt
562 4503 630 4561 2126
648 4501 695 4559 bis
713 4502 783 4561 2135
801 4452 875 4561 fehlt
892 4501 924 4562 in
942 4502 972 4561 Z.
