3000 5125
797 376 860 443 108

411 550 471 617 Sed
494 572 648 637 magnum
668 556 742 637 post
765 552 882 618 enituit
903 552 938 617 in
962 554 1049 617 statu
1068 551 1219 630 iuvenili3

412 654 595 723 Virtutibus
617 662 650 723 et
670 658 813 723 moribus
835 657 971 743 profecit
993 657 1185 737 adolescens,

413 761 451 826 ln
473 763 599 828 laudem
622 762 709 828 etin
732 762 870 860 gloriam
893 762 943 827 dei
966 762 1067 848 patris
1090 784 1240 828 crescens.

491 1000 546 1076 De
572 1002 855 1098 pulchritudine
878 1003 1042 1098 corporis
1069 1003 1173 1077 Jesu.

413 1183 503 1250 Sicut
523 1186 557 1251 in
580 1186 755 1251 virtutibus
777 1190 846 1251 erat
868 1186 1050 1266 adornatus,

335 1307 387 1345 ³12⁶
413 1289 506 1355 Jesus
529 1291 576 1358 ita
597 1313 728 1376 corpore
749 1290 813 1356 fuit
835 1291 1010 1356 decoratus.

411 1395 472 1462 Pre
494 1396 570 1461 filiis
592 1419 667 1460 nam
690 1395 856 1461 hominum
878 1395 983 1461 forma
1005 1396 1164 1480 speciosus

411 1501 554 1572 Dilectus
577 1502 630 1567 hic
651 1503 810 1587 apparuit,
834 1505 866 1568 et
887 1502 979 1567 vultu
1002 1500 1173 1587 gratiosus.
1271 1578 1272 1581 Ἴ

411 1607 488 1673 Fuit
510 1613 542 1673 et
564 1608 710 1673 amabilis
732 1608 854 1672 cunctis
875 1608 910 1672 in
933 1611 1072 1694 aspectu,

410 1715 456 1780 Ft
477 1713 694 1780 desiderabilis
715 1712 804 1778 nullo
827 1734 900 1777 cum
922 1707 1064 1790 defectu}

337 1838 389 1875 auo
416 1818 493 1883 Fuit
514 1819 730 1884 iocundissimi
754 1818 858 1884 decori
879 1840 1005 1904 quoque
1028 1818 1145 1898 vultus,

355 1931 358 1937 '
415 1923 511 1989 Hunc
533 1927 617 1989 enim
639 1924 684 1989 sic
707 1928 875 1989 ornaverat
896 1923 1053 1988 naturalis
1076 1924 1190 2004 cultus,

414 2028 504 2106 Quod
526 2030 561 2095 in
582 2031 652 2115 ipso
674 2030 800 2094 macula
821 2029 911 2093 nulla
932 2029 1074 2094 feditatis
1293 2015 1295 2020 ¹

413 2134 553 2201 Inveniri
575 2136 681 2220 potuit
703 2156 758 2200 seu
781 2134 1003 2201 deformitatis.

502 2372 557 2446 De
585 2374 709 2447 colore
726 2375 834 2447 'cutia
862 2374 1027 2469 corporis
1053 2374 1157 2447 Jesu.

412 2554 502 2621 (lutis
524 2557 573 2622 sui
596 2557 736 2642 corporis
759 2557 853 2624 lactei
874 2556 988 2623 coloris

334 2678 386 2715 ³1³⁶
413 2654 490 2727 Fuit
512 2666 606 2747 atqroe
628 2664 754 2729 candidi
777 2664 838 2729 lilii
859 2663 1014 2729 candoris.

411 2765 532 2832 Tamen
554 2769 791 2853 aliquantulum
812 2769 918 2854 ipsum
938 2792 995 2854 per
1017 2769 1162 2833 ardorem

411 2869 465 2936 Sol
487 2873 721 2941 decoloraverat
743 2875 896 2940 maiorem
918 2874 958 2940 ad
980 2875 1133 2939 decorem.

410 2975 449 3041 In
471 2999 507 3041 eo
529 2979 577 3043 sol
599 2980 784 3045 rubedinem
808 2981 963 3045 modicam
985 2978 1120 3063 paravit,

410 3080 477 3157 Que
498 3083 607 3148 iuncte
629 3108 700 3150 cum
722 3085 867 3151 albedine
890 3086 960 3170 plus
983 3085 1087 3169 ipsum
1110 3081 1279 3147 decoravit.

331 3204 384 3243 arro
410 3187 531 3252 Album
553 3189 697 3256 iunctum
719 3190 895 3256 rubicundo
918 3190 1020 3277 magis
1044 3187 1187 3254 elucebat

410 3291 449 3356 In
472 3292 591 3359 Christi
614 3297 809 3380 corpusculo,
832 3296 905 3381 plus
927 3296 1032 3380 ipsum
1055 3294 1116 3358 hoc
1138 3290 1276 3358 decebat.

410 3396 504 3464 Unde
526 3399 608 3465 sicut
629 3401 733 3467 lilium
754 3403 789 3467 in
812 3406 901 3467 statu
921 3401 1052 3466 iuvenili

410 3503 573 3571 Condebat
594 3505 697 3588 Jesus‚
721 3509 775 3574 sed
798 3507 863 3573 fuit
885 3499 969 3573 etate
990 3507 1050 3583 sub
1072 3504 1158 3569 virili

409 3606 564 3674 Fuscatus
587 3613 822 3697 aliquantulum
844 3612 919 3677 solis
941 3626 1000 3697 per'
1020 3610 1175 3689 ardorem,

333 3732 384 3768 ³14⁶
411 3712 472 3790 Qui
495 3714 615 3781 iamin
637 3717 707 3801 ipso
729 3717 849 3783 fecerat
871 3717 1033 3783 triticeum
1056 3716 1202 3781 colorem.

409 3820 460 3885 Ita
481 3820 546 3886 fuit
567 3823 718 3888 candidus
742 3827 838 3908 atque
860 3824 1054 3888 rubicundus

410 3925 552 3992 Dilectus
575 3926 679 4009 decus,
703 3928 786 3993 sicut
807 3928 866 3996 flos
888 3929 992 4017 campi
1014 3932 1080 3993 stat
1101 3925 1268 3993 iucundus.

646 4167 701 4240 De
729 4167 874 4262 capillis
900 4167 1004 4241 Jesu.

409 4348 507 4436 Nigri
529 4351 579 4415 sui
600 4351 714 4436 capitis
736 4351 929 4436 fueruntque
950 4349 1069 4435 capilli,

408 4455 522 4522 Molles
544 4460 577 4523 et
598 4479 663 4524 nou
686 4457 793 4545 rigidi,
816 4456 906 4544 longi
928 4456 1006 4522 satis
1027 4454 1087 4521 illi
