3000 5125
663 421 704 493 17

198 622 236 660 2⁶⁶
263 601 306 669 Hi
330 603 379 669 sui
403 627 512 669 cursus
536 603 677 669 ordinem
699 606 828 668 servant
850 600 1037 681 oberrando,

260 708 391 795 Speram
414 711 523 775 mundi
546 709 775 793 perlustrantes
799 709 991 773 concordant
1013 708 1230 773 discordando.

259 816 309 880 Ex
331 816 382 880 his
405 816 468 881 duo
490 815 612 879 lumina
634 836 751 899 magna
774 814 927 892 statuisti,

261 922 312 985 Ad
334 905 580 986 illuminandum
604 921 757 983 mundum
780 941 816 984 ea
839 919 1023 983 distinxisti.

199 1088 202 1093 .
260 1025 429 1091 Elementa
453 1029 591 1115 quatuor
614 1047 633 1089 a
655 1029 687 1089 te
710 1028 786 1089 sunt
808 1015 915 1090 creata

196 1150 234 1187 no
261 1131 322 1196 Per
344 1153 405 1216 que
426 1135 502 1197 sunt
524 1130 665 1196 viventia
686 1134 799 1195 cuncta
823 1134 981 1194 saturata.

260 1236 415 1323 Magnum
438 1241 534 1322 atque
557 1236 732 1320 spatiosum
757 1258 843 1300 mare
865 1240 901 1299 tu
923 1234 1035 1300 creast'

259 1342 304 1406 Et
326 1364 420 1425 super
443 1342 593 1426 abyssum
617 1342 683 1405 eius
706 1345 824 1406 terram
847 1345 883 1405 tu
907 1341 1058 1405 fundasti.

229 1483 233 1488 ·
260 1447 374 1526 Pisces,
397 1451 551 1525 monstra,
574 1445 683 1511 beluas
706 1447 890 1511 innumeras
912 1447 946 1510 in
969 1446 1059 1523 mari,

261 1552 304 1616 Et
327 1575 422 1637 super
446 1556 565 1617 terram
590 1552 706 1616 bestias
728 1554 761 1616 et
783 1573 896 1636 pecora
918 1551 1018 1616 creari

119 1665 122 1671 '
199 1674 237 1710 na
262 1656 310 1720 Et'
329 1661 433 1722 cetera
456 1656 596 1721 viventia
618 1656 694 1719 deus
716 1655 869 1736 statuisti,

21 1745 22 1760 ¹
262 1762 307 1827 Et
329 1763 473 1828 volucres
495 1763 529 1826 in
552 1784 624 1826 aere
646 1761 753 1825 volare
776 1761 915 1825 voluisti.

261 1867 329 1933 Hec
351 1873 465 1933 cuncta
488 1890 551 1933 suo·
567 1872 720 1952 tempore,
742 1871 775 1932 tc
797 1868 925 1932 domino
948 1867 1086 1944 iubente,

262 1973 359 2038 Fetus
382 1996 456 2038 suos
478 1972 655 2058 proferunt,
678 1976 795 2035 natura
816 1973 1022 2050 concedente;

265 2076 374 2163 Atque
396 2100 496 2164 genus
519 2078 686 2143 hominum
708 2078 835 2163 quando
858 2079 1026 2143 condidisti
1069 2139 1073 2148 .

198 2202 236 2239 270
264 2182 473 2268 Multiplicari
496 2186 535 2249 de
556 2205 614 2248 suo
636 2185 755 2248 semine
778 2183 909 2247 iussisti.

261 2288 359 2354 Terra
381 2291 502 2374 profert
524 2312 653 2375 germen
676 2312 768 2353 suum
791 2288 962 2353 herbarum
985 2289 1193 2369 diversarum,

259 2392 460 2480 Lignumque
482 2395 671 2479 pomiferum
694 2394 845 2458 arborum
868 2395 1051 2474 multarum,
1175 2388 1178 2393 ’

261 2497 370 2566 Unum
393 2502 540 2587 quodque
562 2522 668 2566 semen
691 2522 785 2565 suum
807 2499 929 2584 profert
952 2502 1109 2584 oportuno

263 2604 418 2690 Tempore
440 2608 596 2692 multique
617 2606 742 2672 fructus
765 2607 922 2691 prodeunt
944 2629 981 2670 ex
1004 2627 1077 2670 uno.

195 2728 234 2765 2⁷⁶
260 2710 319 2792 Ve,
342 2734 391 2792 ve,
414 2711 494 2776 mihi
516 2713 646 2777 misere!
671 2735 820 2776 cursum
843 2733 902 2797 ego
926 2714 1026 2775 nata?

261 2814 332 2880 Tali
354 2839 429 2882 nam
451 2822 566 2883 nature
589 2820 671 2883 dono
694 2819 764 2882 sola
786 2840 856 2881 sum
879 2817 1024 2900 privata!

260 2919 320 2985 Pre
342 2924 453 2987 ceteris
476 2923 660 2988 hominibus
683 2923 800 2989 sterilis
823 2946 894 2987 sum
910 2923 1013 3000 facta;

260 3024 322 3090 Per
344 3026 404 3091 hoc
426 3029 461 3091 in
483 3028 689 3112 obprobrium
713 3052 784 3093 sum
806 3029 973 3093 hominum
997 3028 1140 3104 redacta3

260 3128 319 3196 Sed
344 3132 556 3198 misericordie
578 3134 653 3197 deus
676 3134 855 3213 miserator,

194 3252 233 3290 280
260 3234 304 3300 Et
326 3242 512 3303 cunctorum
534 3239 723 3304 miserorum
745 3241 818 3325 pius
841 3238 1031 3318 consolator,

260 3339 411 3407 Miserere
433 3344 495 3409 mei
518 3348 554 3408 tu
578 3344 704 3408 miserie
725 3342 868 3429 digneris

260 3445 304 3510 ut
327 3470 377 3512 me
400 3449 495 3513 nimis
518 3449 706 3513 tribulatam
729 3449 867 3534 benigne
889 3448 1077 3513 consoleris!

260 3549 335 3615 Non
357 3575 408 3617 me
429 3554 534 3637 prives
557 3558 625 3617 tam
649 3554 732 3637 bono
755 3576 885 3621 munere
907 3558 1030 3632 nature,

262 3653 323 3721 Sed
345 3658 467 3741 prolem
491 3658 571 3722 mihi
595 3660 700 3723 tribue
722 3659 798 3723 deus
821 3660 987 3744 geniture3

195 3777 234 3814 2⁸⁵
261 3760 343 3825 Mihi
366 3786 473 3828 sexum
498 3764 636 3849 aliquem
659 3764 782 3828 tribuas
805 3768 837 3828 et
858 3765 998 3828 fructum

259 3864 390 3932 Ventris
413 3873 445 3934 et
467 3870 498 3933 iu
523 3870 676 3955 gaudium
700 3873 848 3934 converte
871 3888 976 3932 meum
998 3868 1159 3932 luctumlr

669 4014 687 4052 ’l‘

173 4108 205 4165 V.
224 4111 275 4165 258
295 4110 368 4164 fehlt
388 4110 432 4165 bei
450 4112 477 4165 Z.
531 4113 581 4166 267
607 4113 699 4175 ZSed
718 4116 792 4167 statt
810 4113 874 4167 Hec.
946 4111 1003 4164 286
1020 4111 1046 4162 Μ
1067 4114 1146 4166 verte
1166 4112 1248 4167 miehi

100 4195 219 4252 luctum.
799 4216 809 4228 ·
