3000 5125
784 375 845 442 132

399 548 628 635 Apostolorum
651 542 802 617 numerus
825 551 910 618 foret
932 552 1102 618 duodenus.

323 675 374 712 ³2⁰⁰
401 656 469 720 Hos
492 677 566 720 vero
589 656 752 722 duodecim
779 656 940 742 apostolos
962 657 1097 738 vocavit,

401 761 453 825 Ad
474 761 700 845 predicandum
725 762 777 827 dei
798 783 934 848 regnum
955 784 1013 846 per
1033 762 1189 827 mundum
1211 763 1379 845 destinavit,

404 864 452 932 Ut
473 867 621 932 demones
643 868 792 951 ejicerent
813 869 892 933 dans
913 868 991 952 ipsis
1013 871 1203 951 potestatem

323 1010 325 1016 s
400 972 446 1037 Et
467 977 616 1037 emerent
638 995 745 1039 omnes
770 971 897 1038 morbos
920 977 977 1037 ant
998 972 1229 1038 infirmitatem.

246 1286 299 1361 De
326 1292 516 1363 sororibus
544 1291 698 1385 virginis
725 1290 843 1362 Maria
877 1293 916 1362 et
943 1288 1028 1361 filiis
1056 1310 1186 1361 eorum
1223 1292 1262 1360 et
1288 1289 1381 1363 viris,

401 1493 463 1559 Sed
486 1517 525 1559 ex
547 1494 598 1559 his
621 1496 786 1561 duodecim
809 1495 961 1580 apostolis
983 1498 1113 1581 cognati

324 1619 375 1660 aroc
403 1601 507 1666 Erant
529 1602 671 1687 quinque
693 1601 770 1667 Jesu
793 1601 923 1681 Christi,
946 1624 1020 1666 nam
1043 1601 1174 1666 fuerunt
1195 1603 1264 1667 nati

401 1706 534 1771 Duabus
558 1729 597 1771 ex
619 1708 782 1771 sororibus
805 1707 940 1792 virginis
963 1707 1074 1788 Mane,

401 1809 491 1876 Sicut
513 1816 624 1876 narrat
646 1812 742 1877 series
765 1812 960 1899 genealogie.

400 1915 486 1981 Nam
508 1916 605 1982 Anna
627 1921 660 1982 et
680 1916 813 1983 Ismeria
835 1939 958 1982 sorores
982 1918 1156 1983 extiterunt

400 2020 474 2087 Uno
496 2025 588 2106 patre
610 2022 676 2087 sive
697 2026 800 2088 matre
823 2025 959 2107 natoque
980 2022 1120 2088 fuerunt.

323 2144 374 2181 ⁸⁷⁷⁰
401 2124 519 2191 (lenuit
540 2125 673 2191 Ismenia
694 2127 861 2192 Elisabeth
884 2150 946 2212 que
968 2128 1059 2192 duxit

400 2231 596 2313 Zachariam,
620 2235 658 2299 de
681 2256 744 2317 quo
768 2235 887 2299 mundo
909 2234 1131 2318 propheticum
1153 2237 1264 2301 illuxit

401 2337 531 2418 Lumen,
554 2339 631 2423 quia
652 2340 765 2425 genuit
787 2338 965 2404 Johannem
989 2361 1204 2423 precursorem

401 2444 446 2507 Et
467 2445 641 2528 baptistam
664 2443 794 2524 domini,
818 2444 892 2509 fidei
915 2444 1084 2510 doctorem.

402 2549 497 2615 Anna
519 2551 611 2616 duxit
631 2549 780 2616 Joachim
803 2550 858 2636 qui
880 2550 1038 2637 virginem
1060 2550 1195 2617 Mariam

323 2673 374 2710 8⁷⁷⁵
402 2653 528 2736 (lenuit,
551 2656 609 2722 hec
630 2658 754 2742 peperit
776 2655 888 2722 desum
908 2657 1032 2741 prolem
1054 2658 1150 2741 piam.

399 2761 467 2826 Hec
489 2762 593 2826 Maria
615 2766 724 2826 sancto
747 2759 869 2845 Joseph
891 2761 955 2825 fuit
976 2762 1166 2845 desponsata

399 2866 503 2953 Virgo
525 2889 648 2951 semper
669 2890 857 2952 permanens
879 2867 1139 2932 incontaminata.

400 2971 490 3037 Tunc
511 2976 655 3036 mortuus
679 2975 727 3036 est
749 2969 897 3036 Joachim
920 2975 952 3036 et
975 2969 1071 3036 Anna
1093 2972 1223 3037 viduata

398 3078 459 3142 Est
482 3077 550 3141 viro
572 3099 628 3161 per
650 3075 834 3161 coniugium
856 3077 993 3141 secundo
1015 3077 1172 3161 copulata.

323 3201 374 3237 ⁸⁷⁸⁰
401 3183 446 3247 Et
468 3183 520 3247 hic
542 3186 610 3247 erat
631 3179 886 3266 fraterdoseph,
910 3179 1066 3265 Cleophas
1091 3186 1230 3262 vocatus,

400 3289 463 3365 Qui
485 3290 628 3353 secundis
651 3288 773 3372 nuptiis
797 3291 845 3352 est
867 3285 961 3352 Anne
983 3289 1130 3354 sociatus.

399 3393 462 3458 Hic
484 3392 614 3457 Annam
637 3393 711 3459 fecit
733 3394 851 3459 iterum
872 3393 1016 3478 germine
1038 3394 1215 3475 fecundam,

399 3499 468 3575 Qne
489 3497 626 3563 Mariam
647 3499 761 3585 gennit
783 3497 884 3562 filiam
907 3499 1086 3577 secundam

399 3603 468 3668 Hec
490 3603 593 3667 Maria
615 3604 690 3668 data
712 3603 776 3667 fuit
798 3603 833 3666 in
855 3603 1023 3689 coniugem
1046 3603 1172 3688 Alpheo

321 3726 373 3763 ³⁷⁸⁶
402 3707 581 3793 Genuitque
603 3712 740 3792 quatuor
762 3706 846 3771 filios
869 3707 909 3772 ab
933 3729 986 3773 eo:

397 3812 554 3877 Jacobum
576 3817 608 3877 et
630 3811 791 3877 Simonem
814 3816 846 3877 et
868 3810 986 3877 Judam
1009 3813 1204 3898 appellatum

399 3917 567 3997 Tatheum‚
591 3921 687 4002 atque
709 3916 830 4002 Joseph
853 3919 974 3983 iustum
996 3919 1161 3984 Barsaban
1186 3922 1341 3984 vocatum.

400 4023 543 4098 Quatuor
565 4024 620 4087 isti
644 4023 765 4087 domini
786 4022 903 4089 fratres
925 4024 1123 4104 dicebantur,

397 4126 483 4192 Nam
504 4128 605 4214 geniti
626 4129 665 4193 de
687 4128 843 4194 fratribus
866 4129 988 4195 duobus
1011 4131 1224 4214 putabantur3

318 4251 370 4288 arao
398 4232 543 4297 Duarum
566 4254 692 4317 quoque
713 4231 774 4297 filii
797 4255 941 4298 sororum
964 4236 1140 4300 extiterunt

396 4337 561 4422 Vultuque
583 4338 739 4403 simillimi
761 4339 890 4404 domino
912 4341 1052 4406 fuerunt.

396 4441 456 4509 Sed
480 4447 512 4508 et
534 4445 595 4509 iste
617 4443 774 4532 cleophas
796 4467 868 4509 cum
889 4446 1086 4511 moriebatur
