3000 5125
676 389 736 458 187
762 463 764 470 ,

295 565 322 634 Ο
345 567 414 633 sola
435 589 505 652 spes
527 566 678 646 fidelium,
702 588 721 631 o
744 570 836 651 pater
857 566 1047 632 venerande!

292 673 442 751 Concede,
465 672 549 758 quod
570 678 603 738 te
625 673 748 737 videam
770 672 834 737 cito
856 676 1083 757 resurgentem,

210 798 265 837 esee
292 778 359 857 Que
381 776 489 844 dolore
510 780 601 844 tauto
623 777 724 843 cordis
747 780 781 843 te
802 795 896 844 cerno
917 777 1134 844 morionum«

245 1098 426 1212 araneus
452 1095 571 1169 uarie
598 1093 756 1189 cleophe
783 1096 822 1167 ec
849 1094 965 1169 uano
992 1043 1160 1169 zebeae.

291 1305 419 1371 Sorores
442 1305 502 1368 dne
524 1302 658 1388 virginis
681 1307 912 1387 matertereque
933 1302 1054 1369 Christi

290 1411 425 1478 Stabant
457 1431 582 1495 quoque
603 1410 695 1473 iuxta
716 1431 840 1475 crucem
862 1408 1049 1495 plangentes
1071 1408 1160 1473 luctu
1183 1409 1278 1488 tristi,

291 1517 335 1582 ut
356 1515 519 1582 dicebant:
547 1513 623 1594 ΝΘ,
646 1538 684 1579 ve
705 1514 797 1581 nobis
820 1517 859 1581 de
880 1514 998 1600 duplici
1021 1515 1148 1580 dolore!

290 1622 390 1700 Quem
412 1644 469 1687 nos
490 1622 525 1685 iu
548 1620 728 1685 dulcissima
750 1621 959 1706 conspicimus
981 1642 1097 1701 sorore,

173 1736 179 1748 '
210 1747 266 1786 ὑπο
292 1728 337 1794 Et
358 1728 425 1792 eius
449 1719 613 1810 unigenito
635 1730 807 1812 nostroque
829 1725 943 1793 dilecto

296 1831 422 1918 Nepote
443 1836 511 1897 tam
532 1830 711 1896 crudelibus
733 1831 823 1916 penis
845 1832 1030 1897 interfecto!

297 1937 355 2017 Ve,
377 1958 425 2016 ve,
448 1936 524 2021 quid
546 1936 584 2000 de
607 1934 690 2000 dulci
712 1939 822 2000 nostra
843 1957 950 2000 sorore
974 1934 1133 2014 faciemus,

298 2041 388 2119 Quod
410 2042 450 2105 ad
470 2044 606 2106 mortem
626 2040 826 2125 semetipsam
848 2040 1015 2125 precipitet
1035 2040 1205 2105 timemus?

291 2146 416 2212 Amodo
439 2168 503 2212 uon
525 2146 643 2231 poterit
666 2168 685 2210 a
707 2146 800 2210 nobie
822 2144 989 2226 consolari,

214 2272 267 2310 aare
294 2252 373 2317 Cum
395 2256 501 2318 careat
522 2251 681 2317 consortio
702 2250 764 2316 filii
785 2251 835 2316 sui
857 2250 932 2315 cari.

290 2356 423 2423 Nullam
444 2359 509 2424 iam
531 2358 661 2442 recipiet
683 2357 932 2422 consolationem

292 2463 369 2528 Post
391 2462 491 2527 dulcis
513 2461 671 2547 unigeniti
693 2461 743 2525 sui
765 2461 953 2545 passionem.

293 2568 340 2634 Ve
364 2569 465 2648 uobis,
489 2591 546 2634 cur
567 2567 766 2632 dulcissimus
789 2572 896 2631 noster
919 2571 967 2632 est
988 2567 1108 2631 occisus

293 2673 396 2754 Jesus,
418 2674 470 2739 eui
492 2672 605 2738 similis
628 2695 648 2737 a
668 2673 787 2737 mundo
809 2694 873 2737 non
896 2677 944 2738 est
967 2672 1052 2737 visus

216 2798 268 2837 neo
294 2778 331 2845 In
353 2779 457 2844 verbis
480 2782 512 2843 et
534 2778 568 2841 in
590 2778 714 2842 actibus
736 2782 769 2843 et
790 2778 877 2844 omui
898 2776 1050 2858 bonitate.

292 2883 329 2950 In
351 2884 452 2970 signis
475 2887 507 2948 et
526 2883 697 2962 miraculis,
721 2887 754 2948 et
776 2883 841 2949 vite
863 2884 1041 2961 sanctitate,

292 2988 329 3055 In
352 2989 439 3055 omui
462 2989 627 3073 sapientia,
651 3011 790 3074 sanaque
812 2990 964 3069 doctrina,

292 3095 483 3179 (iunctisque
505 3094 678 3159 virtutibus
701 3099 733 3159 et
756 3117 880 3159 morum
902 3093 1088 3179 disciplina!

293 3201 321 3265 Α
344 3200 456 3266 matris
479 3222 602 3283 semper
623 3202 715 3264 utero
736 3221 793 3263 ceu
818 3200 949 3284 angelus
972 3189 1109 3279 vivebat,

216 3324 269 3362 ⁶⁶⁸⁶
296 3303 404 3369 Vitam
427 3304 530 3369 adhuc
551 3303 728 3369 infantulus
751 3304 892 3370 divinem
914 3304 1103 3382 exhibebat3

293 3408 458 3475 Infautum
480 3431 568 3474 more
588 3431 751 3494 nunquam
773 3409 873 3494 gessit
895 3410 1064 3494 quicquam
1086 3408 1215 3494 puerile,

293 3514 353 3580 Sed
375 3515 514 3580 habebat
536 3537 659 3600 semper
680 3516 834 3580 mundam
857 3537 920 3595 cor,
944 3515 1081 3598 prudens
1103 3518 1135 3579 et
1157 3513 1264 3591 senile,

296 3619 375 3686 Cum
397 3621 513 3686 iaceret
536 3621 639 3686 adhuc
660 3644 739 3706 puer
763 3621 963 3686 dulcissimus
985 3620 1018 3684 iu
1040 3618 1129 3684 cuuis

293 3724 387 3791 Fletu
409 3727 460 3790 vel
484 3727 645 3812 vagitibus
668 3748 832 3811 uunquam
853 3725 1054 3809 importunis,

213 3849 265 3887 ⁶⁶⁹0
293 3830 405 3917 Neque
425 3837 561 3898 matrem
583 3855 684 3918 neque
707 3855 765 3898 nos
787 3855 928 3918 unquam
949 3828 1139 3908 molestavit,

206 3940 208 3943 ’
293 3935 478 4021 Tranquille
500 3938 544 4002 sic
566 3938 701 4003 infantie
723 3938 862 4003 defectus
884 3936 1052 4010 toleravit;

194 4100 225 4127 1,
286 4030 353 4106 ‘Sed
376 4064 448 4106 eum
470 4041 523 4106 hie
546 4042 744 4107 dulcissimus
766 4064 845 4126 puer
867 4040 1014 4120 adolevit,

290 4144 328 4209 In
350 4150 441 4211 tauta
463 4148 619 4231 sapientia
641 4147 879 4232 virtutibusque
903 4147 1011 4226 crevit,

292 4251 382 4329 Quod
404 4253 443 4317 de
465 4275 523 4317 sua
545 4252 708 4338 parentela
730 4252 836 4317 cuncti
858 4251 1051 4330 letabantur‚

215 4376 268 4415 ⁶⁶⁹⁶
296 4354 475 4441 Omnesque
497 4357 553 4442 qui
575 4361 730 4422 noverant
752 4357 859 4441 ipsum
879 4357 1089 4421 mirabantur.

292 4459 408 4527 Omnes
430 4461 529 4527 libros
552 4466 673 4531 veteres
695 4467 877 4531 sanctarum
899 4462 1128 4560 scripturarum
