3000 5125
677 369 739 440 201

206 562 259 604 uae
286 545 347 613 Per
367 548 503 613 mortem
526 549 634 613 tamen
656 548 757 615 deitas
780 570 911 616 manens
932 550 1080 634 indivisa,

285 650 437 718 Haeduo
459 652 554 718 simul
576 654 738 738 copulavit
759 676 824 720 non
846 655 952 725 sinens
974 659 1115 747 separari

284 755 436 826 Animam
457 759 496 825 de
517 782 648 846 corpore
668 784 726 828 nee
747 761 889 833 alienari

285 860 337 930 Sia
358 885 494 948 persona
515 865 575 932 filii
596 866 705 933 vivens
728 866 846 935 deitate

285 966 406 1035 Mansit
426 971 512 1054 patri
534 971 646 1038 similis
667 973 701 1039 iu
723 995 788 1039 una
810 973 965 1056 trinitate,

187 1090 261 1150 ,0⁰¹⁰
286 1070 339 1138 Sie
360 1074 546 1143 coniunctus
568 1079 672 1145 anime
695 1079 856 1146 deseendit
876 1080 917 1147 ad
939 1079 1065 1148 inferna

285 1176 386 1250 Filius
407 1183 597 1255 austeritate
618 1182 749 1258 fulcitus
772 1207 844 1258 eum
866 1190 1009 1279 paterna.

119 1497 184 1571 De
203 1500 341 1595 gaudio
361 1505 578 1581 sauctorum
600 1529 717 1603 quum
736 1508 848 1583 Jesus
868 1510 974 1587 veuit
1000 1510 1048 1585 ad
1075 1510 1276 1588 infernum.

285 1711 365 1781 Cum
387 1737 463 1804 ergo
486 1717 575 1783 venit
595 1718 636 1785 ad
658 1716 820 1785 infernum
841 1718 1005 1800 diabolum
1027 1718 1213 1807 prostravit,

283 1817 407 1907 Sueque
428 1823 570 1907 potentie
591 1823 711 1891 eatenis
733 1822 819 1889 hune
838 1822 963 1911 ligavit

285 1923 494 2012 Claustraque
514 1930 656 1994 tartarea
677 1926 830 1993 divinitus
852 1928 1020 2011 destruxit,

210 2047 262 2086 ⁶⁰⁴⁶
289 2029 333 2097 Et
354 2030 396 2097 ab
417 2030 469 2098 his
491 2031 632 2100 fidelium
654 2032 777 2099 animus
790 2031 925 2110 ¹eduxit;

285 2133 347 2204 Sed
368 2140 445 2204 tune
467 2158 576 2206 omnes
598 2138 704 2204 anime
725 2142 908 2204 sauctorum
930 2139 1160 2226 prophetarum

284 2242 393 2330 Atque
414 2248 544 2329 patrum
565 2245 772 2332 antiquorum
794 2249 827 2311 st
848 2244 1102 2330 pataiareharum

285 2346 336 2416 Ad
358 2370 393 2416 sa
414 2348 464 2417 dei
485 2349 589 2417 filium
611 2351 719 2417 venire
740 2367 815 2418 eum·
835 2350 1008 2434 novissent,
1123 2347 1128 2360 ’

285 2454 501 2542 vinctumque
523 2457 685 2524 diabolum
707 2479 815 2523 eoram
836 2479 870 2523 se
891 2457 1054 2540 vidissent,

207 2582 260 2622 ⁰⁰⁶⁰
286 2560 488 2630 Exultabant
509 2564 608 2630 nimia
629 2564 734 2631 letitia
755 2563 930 2650 gaudentes

285 2669 329 2736 lut
350 2666 519 2735 elevabant
540 2670 657 2736 iubilos
678 2671 846 2737 laudantes
868 2675 901 2737 et
923 2670 1083 2737 dieentes:

289 2772 337 2840 »Ο
359 2775 574 2843 desiderabilis
597 2776 690 2842 nobis
712 2776 878 2857 advenisti,

283 2879 346 2958 Qui
367 2881 506 2948 moriens
527 2904 583 2967 per
605 2882 794 2969 sanguinem
815 2904 873 2948 nos
895 2885 988 2949 tuum
1011 2883 1192 2959 redemisti;

284 2985 330 3052 Te
351 2987 470 3053 dudum
492 2988 725 3073 expectavimus
747 2988 783 3053 in
805 2989 944 3055 tenebris
967 2988 1120 3069 sedantes,

205 3109 258 3148 ⁶⁰⁶⁵
283 3091 385 3170 Quem
406 3094 566 3179 quendem
586 3094 846 3179 prophetavimus
868 3099 1039 3162 venturum
1060 3097 1093 3161 te
1115 3093 1259 3160 seientes.

284 3196 369 3264 Hinc
390 3197 484 3265 Jesus
506 3198 556 3266 dei
577 3199 663 3266 filius
685 3199 818 3266 demone
838 3204 1000 3286 prostrato

285 3302 330 3368 Et
351 3302 386 3367 in
408 3304 521 3370 abissis
542 3305 664 3373 baratri
685 3304 862 3373 Leviathan
884 3304 996 3392 ligate,

143 3407 145 3410 ⁴
283 3405 418 3475 Animas
440 3409 580 3479 fidelium
603 3411 712 3478 eduxit
733 3411 908 3492 universas,

285 3512 346 3580 Per
367 3515 487 3582 multos
509 3538 609 3583 annos
631 3517 666 3583 in
687 3516 807 3584 inserui
828 3516 965 3603 ealigine
985 3515 1152 3583 demersas.

205 3635 257 3674 ⁰⁰⁰⁰
284 3615 322 3684 In
344 3617 490 3686 calestem
514 3622 696 3706 paradisum
718 3621 777 3687 has
799 3620 875 3687 feeit
896 3625 1091 3689 transmeare

283 3721 328 3789 Et
350 3726 564 3793 ascensionem
585 3727 633 3793 ibi
655 3749 746 3793 suam
768 3730 942 3813 expectare.

692 3852 711 3893 a

169 3918 175 3929 ⁴
196 3947 266 4012 6060
284 3946 309 4012 G
328 3949 489 4013 maestam
507 3951 582 4009 statt
599 3950 738 4010 ealestem
