3000 5125
651 399 713 469 115

261 577 313 644 Ex
335 578 605 663 distemperantia,
627 600 685 644 nec
707 578 936 644 molestabatur

262 682 449 752 Morborum
471 682 661 769 egritudine·
674 684 844 768 quicquam
865 684 1049 770 egrotando,
1083 742 1084 746 ,
1137 695 1142 704 ’

258 786 320 879 Vel
341 789 512 854 sanitatem
534 788 673 873 corporis
695 810 838 873 unquam
859 788 1065 854 immutando.

137 941 139 945 -
172 911 233 950 3333
259 893 413 960 Attamen
435 893 587 958 sustinuit
609 892 750 959 defectus
772 893 935 978 generales

258 997 406 1075 Humane
429 997 626 1083 fragilitatis,
649 1002 682 1063 et
703 1020 800 1083 penas
823 998 1017 1082 corporales3

259 1101 345 1168 Nam
367 1102 496 1182 famem,
519 1102 607 1167 sitim
630 1102 812 1188 plurimam,
835 1105 867 1167 et
888 1102 1003 1189 frigus,
1026 1101 1193 1183 tolerabat,

256 1207 308 1273 Ex
331 1208 435 1273 calore
456 1208 562 1292 sepius
584 1207 660 1273 solis
681 1207 839 1273 estuabat.

148 1315 153 1324 ’
257 1313 305 1378 De
326 1312 436 1379 labore
458 1313 583 1378 viarum
605 1335 679 1398 sepe
700 1312 907 1400 gravabatur,

173 1434 232 1474 3333
259 1416 417 1483 Humanis
439 1418 484 1483 sic
506 1416 680 1484 defectibus
702 1415 796 1484 desua
819 1417 1002 1483 vexabatur.

516 1656 570 1728 De
598 1656 701 1730 victu
727 1656 830 1730 desa.

256 1837 295 1903 In
316 1839 404 1903 victu
425 1836 519 1904 Jesus
541 1838 645 1904 tenuit
667 1860 818 1924 magnam
839 1838 1037 1923 parcitatem,

257 1942 340 2021 Quia
362 1966 525 2028 nunquam
550 1944 713 2010 consuerit
735 1944 776 2009 ad
798 1944 978 2010 satietatem

259 2048 369 2115 Ullum
391 2050 497 2115 cibum
519 2072 651 2129 sumere,
675 2071 732 2115 nec
754 2049 946 2116 dividicabat

255 2153 342 2245 Inter
365 2153 462 2234 cibos,
484 2154 642 2219 modicum
664 2158 771 2219 tamen
793 2155 1014 2236 manducabat,

175 2277 229 2315 3333
256 2258 413 2344 Quicquid
435 2259 497 2324 sibi
518 2256 697 2344 ponebatur
719 2282 832 2344 parum
855 2260 1062 2346 degustando,

256 2362 367 2429 Potius
390 2386 486 2449 quam
509 2363 630 2454 aliquid
652 2386 691 2429 ex
712 2364 770 2429 illo
792 2364 1028 2442 manducand03

255 2468 341 2534 Raro
364 2491 439 2535 vero
461 2469 654 2551 comedebat,
677 2492 753 2535 nam
775 2492 848 2556 sepe
869 2471 1044 2535 biduanum
1179 2517 1182 2523 -
1214 2516 1218 2525 -

255 2572 410 2641 Servabat
431 2574 593 2654 ieiunium,
617 2576 806 2660 quandoque
828 2576 1020 2642 triduanum

254 2678 375 2744 Tamen
397 2679 583 2765 diligentius
604 2680 684 2745 illud
707 2678 906 2761 observabat,

175 2802 229 2841 3333
255 2783 345 2861 Quod
369 2807 492 2870 semper
515 2788 662 2869 quartam
684 2785 797 2850 feriam
819 2790 851 2850 et
873 2790 995 2850 sextam
1017 2785 1189 2850 ieiunabat.

251 2886 291 2952 In
312 2893 392 2974 potu
413 2889 640 2974 parsimoniam
661 2890 834 2954 maximam
856 2889 995 2968 tenebat,

160 3060 163 3064 ,
252 2991 374 3059 Vinum
396 3017 471 3088 nam
493 2993 542 3059 vel
565 3016 706 3078 syccram
729 2994 889 3078 rarissime
911 2994 1050 3060 bibebat.

207 3151 221 3180 ,.
253 3098 433 3183 Utrumque
453 3104 560 3164 tamen
582 3100 690 3165 bibere
711 3102 875 3165 consuevit
895 3101 963 3184 ipse
986 3122 1109 3184 parum,

253 3202 336 3269 Nam
359 3203 447 3268 sitim
469 3227 558 3269 suam
580 3205 733 3270 recreavit
756 3210 867 3290 potum
889 3228 946 3290 per
967 3227 1138 3289 aquarum3

173 3331 226 3367 330
254 3309 409 3394 Quicquid
431 3313 537 3398 autem
559 3303 689 3375 bibebat
711 3310 772 3375 hoc
794 3310 952 3375 modicum
973 3311 1131 3395 gustando

253 3413 404 3498 Sumpsit,
426 3437 517 3480 suam
539 3415 627 3480 sitim
650 3416 704 3480 vix
725 3438 783 3500 per
804 3414 884 3479 illud
905 3415 1083 3480 recreando.
1200 3498 1202 3504 y

479 3652 533 3756 De
560 3653 727 3727 vestibus
753 3654 856 3727 desu.
964 3678 967 3682 ⁴

222 3889 225 3895 ,
254 3834 347 3905 Jesus
368 3858 493 3923 quoque
516 3822 656 3901 vestibus
679 3836 787 3922 paucis
809 3836 965 3917 utebatur,

252 3941 338 4008 Nam
360 3942 428 4008 sola
449 3946 576 4006 tantum
597 3942 706 4007 tunica
728 3942 781 4007 hic
802 3941 1002 4007 induebatur.

657 4051 675 4090 a

166 4132 247 4188 Naoh
265 4134 334 4189 3325
351 4134 438 4203 stigen
450 4132 475 4187 G
487 4132 545 4187 und
557 4133 575 4186 Z
588 4131 656 4188 awai
672 4148 749 4187 verse
766 4131 858 4198 hinnu,
877 4131 922 4186 die
941 4131 984 4186 als
1000 4130 1237 4201 interpolationan

101 4237 130 4274 an
146 4222 313 4278 betrachten
330 4221 407 4276 sind:
462 4272 463 4277 ,

304 4308 379 4363 Nam
398 4310 531 4364 estuabat
548 4307 640 4378 sepina
659 4306 724 4363 solis
742 4325 776 4361 ex
794 4307 884 4364 calore

303 4396 483 4452 Gravabatur
501 4395 588 4451 etiam
605 4393 715 4449 itineris
733 4394 838 4460 labore,

101 4485 260 4554 ungerunt
278 4502 329 4539 ans
347 4486 415 4541 3323
434 4484 491 4539 und
508 4484 587 4539 3324.
