3000 5125
647 369 708 438 195

160 577 163 582 ·
257 544 328 611 Mos
353 546 482 631 quidam
504 545 680 612 inoleverat
702 570 804 613 novus
826 548 1011 630 Judecrum,

258 653 348 730 Quod
372 654 544 718 secundum
565 677 732 719 numerum
754 655 897 720 tribuum
919 678 1027 721 eorum

176 775 233 813 ⁶⁸⁶0
259 758 432 824 Duodecim
454 757 650 843 pulcherima
671 759 815 825 fecerunt
837 760 962 842 vexilla,

254 862 292 928 ln
314 863 582 929 sollemnitatibus
604 865 894 949 circumportabant
916 866 974 931 illa

258 967 349 1034 Circa
370 968 524 1054 templum
547 967 724 1034 Salomonis
748 976 780 1035 et
802 972 931 1037 atrium=
942 971 1115 1056 psallendo,

259 1074 390 1141 Vicibus
412 1075 576 1142 duodecim
598 1075 677 1140 illud
700 1075 860 1154 faciend03

259 1177 321 1245 Sed
343 1202 415 1245 cum
437 1181 520 1246 circa
542 1180 698 1265 templum
719 1181 778 1247 hec
799 1186 979 1266 portantur,
1003 1206 1073 1248 cum
1096 1181 1217 1268 ligatus

181 1304 234 1341 ⁶⁸⁶⁵
262 1285 354 1351 Jesus
378 1308 484 1352 coram
505 1288 629 1371 preside
651 1287 759 1352 stabat
780 1288 972 1375 flagellatus,
1082 1323 1086 1334 ·

260 1389 350 1456 Tunc
371 1413 479 1456 versus
501 1389 607 1456 locum
628 1392 661 1455 in
685 1414 748 1477 quo
771 1391 864 1457 Jesus
887 1395 976 1458 stetit
998 1393 1092 1458 simul
1115 1392 1171 1458 illa

261 1495 463 1562 Inclinabant
485 1496 601 1561 baiulis
624 1497 735 1562 invitis
758 1521 791 1564 se
815 1498 940 1564 vexilla.

260 1598 330 1665 Hoc
352 1599 373 1664 J
377 1601 447 1666 udei
470 1623 542 1666 eum
564 1601 718 1665 vidissent
739 1607 880 1689 arguunt
899 1608 1073 1687 portantes,

262 1704 326 1770 Gur
347 1706 407 1771 hcc
429 1706 490 1791 ipsi
512 1705 665 1783 fecerint,
680 1706 720 1770 ab
743 1706 821 1790 ipsis
844 1706 1050 1773 sciscitantes.

181 1829 236 1866 6666
263 1806 507 1897 Responderunt
528 1811 589 1891 his,
612 1810 722 1876 invitis
744 1811 866 1876 factum
887 1812 948 1877 hoc
970 1813 1076 1893 fuisse,

261 1918 306 1982 Et
328 1939 395 1982 sese
417 1916 626 1983 renitentibus
648 1917 766 1981 vexilla
788 1940 821 1983 se
843 1917 976 1985 flexisse.

263 2021 415 2089 Videntes
437 2024 497 2090 hoc
518 2022 683 2109 pontifices
706 2023 827 2087 turbati
849 2024 1068 2101 mirabantur,

263 2127 400 2215 Eligunt
422 2128 612 2194 fortissimos
635 2133 667 2193 et
690 2149 743 2192 eos
766 2128 987 2208 adhortantur,

261 2232 309 2298 Ut
330 2239 472 2314 caveant,
495 2235 529 2298 in
551 2234 699 2299 manibus
723 2234 866 2318 ipsorum
887 2256 927 2299 ne
949 2234 1118 2299 flectantur

183 2355 236 2393 6666
264 2337 401 2418 Vexilla,
424 2340 478 2404 sed
500 2345 604 2405 erecta
625 2360 753 2403 rursum
775 2339 816 2403 ab
838 2339 916 2423 ipsis
938 2338 1150 2434 deferantur,

263 2441 352 2509 Sicut
373 2444 476 2530 primo
499 2467 532 2510 se
553 2444 672 2510 vexilla
693 2447 820 2510 demum
842 2449 1062 2521 curvaverunt,

263 2548 363 2616 Velut
385 2551 545 2617 adorando
567 2574 601 2618 se
624 2548 723 2616 baiuli
746 2550 911 2617 flexerunt.

263 2655 331 2720 Hec
354 2661 461 2721 autem
482 2655 683 2720 inconsutilis
706 2658 813 2735 vestis,
838 2656 875 2721 de
898 2678 962 2741 qua
983 2657 1072 2740 prius

263 2762 458 2828 Mentionem
480 2761 621 2841 fecimus,
644 2783 741 2846 quam
763 2761 905 2844 portavit
927 2760 997 2844 pius

184 2887 237 2924 6666
264 2865 358 2933 Jesus
381 2868 421 2932 ab
444 2867 590 2945 infantia,
614 2887 769 2951 quocum
792 2888 828 2931 eo
851 2865 960 2942 crevit,
1212 2935 1219 2951 ,

264 2971 366 3048 Quam
388 2994 445 3037 nec
467 2975 607 3037 vetustas
630 2971 738 3057 aliqua
762 2972 957 3056 consumpsit
979 2971 1030 3036 vel
1052 2972 1178 3051 delevit,

266 3076 326 3143 Sed
348 3077 406 3142 hec
428 3077 553 3141 cuidam
575 3074 671 3140 militi
694 3097 750 3159 per
771 3080 891 3140 sortem
913 3080 960 3140 est
983 3078 1109 3155 collata,
1213 3121 1216 3127 ,

265 3181 354 3248 Sicut
375 3182 558 3267 evangelica
579 3185 655 3246 sunt
676 3182 795 3265 scripta
816 3184 1003 3266 protestata,

263 3266 351 3354 Idem
372 3287 463 3352 miles
485 3288 594 3352 tunica
616 3309 688 3351 cum
711 3285 772 3350 hac
793 3286 986 3366 indueretur,

186 3414 243 3462 6666,
264 3394 309 3458 Et
332 3395 372 3459 ad
394 3392 536 3458 Pilatum
557 3392 712 3476 presidem
735 3412 808 3455 cum
830 3390 1058 3476 ingrederetur,

269 3499 392 3565 Pilatus
415 3521 520 3583 preses
543 3498 669 3563 horruit
692 3501 725 3561 et
745 3496 821 3561 huic
843 3498 1025 3576 assurrexit,

266 3607 311 3671 Et
334 3605 363 3670 ei
386 3604 453 3670 sine
476 3609 589 3687 sponte
612 3606 708 3687 caput
730 3600 914 3667 inclinando
936 3601 1033 3666 flexit.

267 3710 355 3775 Idem
378 3732 485 3775 omnes
508 3708 678 3788 iaciebant,
700 3729 780 3792 quos
803 3707 855 3771 hic
878 3708 1119 3791 pertransiebat,

266 3817 328 3883 Vel
351 3819 391 3882 ad
414 3839 493 3902 quos
515 3817 660 3882 accedere
683 3814 814 3899 propius
837 3813 974 3893 volebat,

188 3941 241 3978 6666
268 3922 385 3989 Omnes
408 3924 492 3988 enim
515 3945 593 4008 quos
616 3922 767 3987 transivit
789 3922 885 3986 etiam
908 3919 1052 3986 nolentes

268 4028 491 4107 Surrexerunt,
513 4027 712 4092 inclinabant
735 4027 889 4091 honorem
912 4026 1104 4091 exhibentes.

268 4134 336 4199 Hec
358 4134 467 4198 tunica
490 4138 566 4197 tunc
588 4131 695 4197 Gesari
718 4154 849 4196 romano
871 4130 1070 4209 mittebatur,

269 4240 313 4305 Et
335 4240 526 4325 quicumque
548 4259 654 4304 coram
677 4259 713 4302 eo
736 4238 797 4302 hac
818 4237 1020 4315 induebatur,

267 4345 321 4411 Illi
343 4368 419 4411 mox
442 4365 606 4429 assurgere
629 4342 724 4408 Cesar
745 4342 929 4429 cogebatur,

187 4471 241 4510 6666
268 4451 455 4520 Inclinando
477 4473 510 4523 se
532 4455 735 4539 prosternens
755 4450 847 4523 vhunc
870 4448 1088 4517 venerabatur.

995 4552 1027 4611 13
1040 4553 1053 4583 *
