3000 5125
666 386 729 454 185

122 667 251 755 Quod
279 672 480 765 sanguinea
507 671 660 744 lacrime
686 670 877 743 fluxerunt
902 691 947 743 ex
974 670 1088 742 oculis
1116 669 1242 743 Marie.

284 880 423 945 Tantum
445 883 552 944 autem
574 879 742 963 planxerat
766 877 912 962 affligens
935 899 968 941 se
989 877 1136 963 lugenda,

202 1006 256 1045 ⁵⁴⁹⁶
283 986 482 1070 Tantumque
503 985 683 1068 ploraverat
704 983 850 1048 lacrimas
872 982 1043 1061 fundendo,

284 1091 374 1168 Quod
395 1091 495 1174 ipsius
517 1088 599 1153 oculi
622 1088 686 1152 iam
708 1088 864 1173 sanguine
885 1087 1052 1166 rubebant,

283 1198 328 1263 Et
349 1196 449 1281 ipsius
471 1194 621 1280 palpebre
643 1215 769 1258 corrose
790 1193 855 1257 iam
877 1192 1052 1271 tumebant,

285 1300 391 1386 Atque
413 1322 468 1365 sue
490 1321 578 1364 rosee
599 1320 679 1384 gene
701 1297 961 1380 impellebant,

285 1406 328 1470 Et
350 1404 475 1469 fuscata
497 1404 636 1468 lacrimis
657 1403 754 1468 facies
776 1403 954 1480 marcebat3

202 1529 258 1567 ⁵⁵⁰0
284 1509 328 1575 Et
349 1508 477 1573 lacrime
499 1508 671 1593 sanguinea
693 1511 844 1591 ceperunt
865 1507 931 1571 iam
951 1529 1080 1572 manare

286 1615 336 1679 Ex
357 1613 456 1697 ipsius
478 1612 577 1677 oculis
599 1611 705 1677 flentis
727 1616 795 1675 tam
817 1633 938 1688 amare3

289 1718 373 1784 Nam
395 1723 521 1783 tantum
545 1739 670 1802 quoque
691 1717 822 1782 fleverat
845 1715 948 1781 Maria
970 1714 1181 1792 lamentando,

287 1823 425 1888 'lantum
449 1823 621 1888 eiulaverat
643 1824 682 1887 ad
705 1823 808 1888 filium
830 1822 1004 1900 clamanda,
1029 1883 1032 1890 .

288 1927 379 2004 Quod
401 1950 480 2011 pene
501 1929 565 1992 iam
588 1927 744 1993 defecerat
764 1951 825 1993 vox
848 1926 1022 2006 debilitata,

209 2051 263 2089 ⁵⁶⁰⁶
290 2032 334 2098 Et
355 2032 408 2096 vix
429 2031 519 2116 loqui
541 2035 667 2115 poterat
687 2033 853 2098 raucedine
875 2036 1018 2118 gravata.

289 2136 414 2202 Corruit
436 2137 582 2203 deficiens
605 2141 654 2202 tot
676 2139 768 2203 malis
791 2138 941 2215 involatu,

288 2240 482 2327 Viribusque
504 2244 644 2327 corporis
667 2248 737 2308 tuta
759 2244 929 2319 destituta;
1026 2275 1029 2280 ·

287 2345 385 2413 Velut
406 2352 610 2413 amensante
632 2370 755 2413 crucem
777 2349 859 2413 sedit
880 2353 912 2414 et
933 2348 1067 2426 reflexit,
1200 2337 1205 2347 ’

287 2453 390 2538 Caput
412 2454 479 2518 eins
500 2454 585 2519 inter
606 2462 728 2534 manns,
751 2476 886 2539 sepeque
909 2452 1047 2537 respexit

210 2579 263 2617 ⁵⁶1⁰
289 2558 340 2625 Ad
362 2582 475 2645 corpus
497 2560 665 2646 unigeniti,
688 2583 761 2625 cum
784 2559 887 2625 anime
910 2557 1027 2636 dolore,

287 2663 326 2730 In
348 2687 438 2731 cruce
460 2666 598 2750 pendens
620 2670 782 2731 mortuum
803 2663 967 2749 perfusum
989 2685 1060 2728 cum
1083 2680 1202 2726 cruore.

288 2768 367 2853 Sepe
388 2768 546 2835 clamans:
574 2770 655 2835 »Fili
678 2772 731 2849 mi,
755 2769 803 2835 fili
825 2771 878 2848 mi,
903 2768 1009 2834 ofili!

287 2873 405 2939 'lecum
426 2876 508 2940 mori
529 2876 619 2940 trade
641 2874 731 2953 mihi,
754 2875 795 2939 da
813 2873 894 2939 mihi
915 2873 997 2938 mori
1018 2871 1082 2937 fili!

288 2976 315 3043 Ο
336 2979 381 3043 mi
402 2980 575 3064 unigenite,
598 3002 617 3045 ο
638 2979 684 3044 mi
705 2978 753 3044 fili
776 2978 876 3056 unice,

211 3101 263 3139 aare
288 3082 386 3148 Matri
409 3087 464 3170 tue
484 3085 598 3151 misere
619 3088 724 3150 tecum
746 3084 827 3150 mori
850 3083 994 3148 tribuet«

413 3401 593 3473 Planctus
621 3400 737 3473 Maria
764 3398 997 3492 Magdalene.

289 3607 403 3673 Stabat
424 3605 515 3673 iuxta
536 3608 694 3694 virgiuem
715 3607 830 3672 Maria
843 3606 1034 3694 Magdalena

288 3713 457 3799 Plangens,
480 3713 618 3797 plorans,
641 3713 803 3799 proferens
825 3711 966 3783 lamenta
987 3711 1076 3777 luctu
1097 3711 1199 3797 plena.

290 3818 369 3883 Tam
391 3818 638 3884 lamentabiliter
661 3821 730 3903 ipsa
753 3840 879 3904 quoque
900 3816 993 3896 luxit,

290 3923 380 4000 Quod
403 3928 542 3988 astantes
565 3923 719 4008 plurimos
742 3924 783 3988 ad
804 3922 951 3988 lacrimas
973 3923 1115 3997 induxit3

211 4048 263 4086 ⁶⁶2⁰
290 4028 369 4115 Sepe
391 4030 495 4095 dicens
519 4028 725 4094 acclamavit:
749 4027 817 4093 ›Ve
839 4029 918 4093 milri
941 4027 1117 4112 peccatrici,

289 4132 337 4200 Ve
358 4157 397 4200 ve
418 4134 498 4200 mihi
522 4134 643 4212 misere,
668 4156 706 4198 ve
727 4133 822 4198 nimis
846 4132 983 4204 infeficiz

290 4237 340 4305 Ve
361 4240 451 4319 mihi,
474 4262 512 4305 ve
533 4241 571 4305 de
593 4240 720 4305 domino
743 4262 814 4305 meo
836 4238 1017 4325 predilecto,
1121 4314 1129 4325 ,

290 4342 321 4407 Α
344 4341 454 4409 Judeis
476 4343 583 4427 impiis
604 4348 654 4409 tot
676 4345 765 4428 penis
786 4343 978 4410 interfecte!

290 4445 338 4518 Ve
361 4449 399 4519 de
422 4453 524 4517 morte
546 4448 647 4519 dulcis
669 4448 757 4533 Jesu,
780 4450 842 4521 mei
865 4448 1026 4535 creatoris,
