3000 5125
784 400 826 464 26

386 577 447 644 Pre
465 579 586 644 cunctis
609 601 679 643 eam
701 578 873 641 admonent
896 596 1021 639 servare
1042 571 1222 638 castitatem

285 675 288 678 “
373 655 495 769 hAtque
517 684 705 767 patientiam
729 686 761 747 et
782 680 1007 757 humilitatem,

386 790 447 855 Dei
468 790 534 853 sive
556 788 694 872 proximi
716 787 830 852 sectari
853 785 1029 863 caritatem,
1138 819 1143 832 ι

322 914 360 951 ⁶40
387 894 425 959 In
448 917 541 980 opere
563 894 719 958 iustitiam
742 894 777 957 in
801 891 905 968 verbis
927 890 1104 968 veritatem,

387 1000 522 1065 Preberc
543 999 719 1064 senioribus
741 998 825 1062 hanc
848 997 1019 1060 admonent
1042 995 1206 1071 honorem,

388 1107 495 1189 Atque
517 1103 694 1168 iunioribus
717 1102 859 1167 debitum
883 1123 1033 1179 amorem,

320 1290 323 1296 1
387 1210 512 1275 Miseria
536 1214 567 1275 et
589 1208 753 1274 tribulatis
775 1212 812 1273 ut
834 1207 1084 1291 compassionem

389 1315 543 1381 Ostendat
564 1319 597 1380 et
619 1315 822 1399 pauperibus·
834 1312 1104 1389 sublevationem

322 1422 494 1506 palpum
517 1422 630 1485 docent
652 1421 794 1485 moribus
817 1440 943 1484 servare
966 1418 1166 1501 disciplinam
1298 1475 1300 1481 .

388 1527 432 1591 Et
456 1526 627 1591 secundum
650 1526 875 1609 prophetarum
899 1524 1005 1587 vivere
1027 1522 1223 1598 doctrinam„

388 1632 522 1697 Attente
544 1653 619 1697 vero
640 1632 764 1696 monita
786 1633 956 1716 parentum
977 1628 1036 1714 hec
1059 1626 1181 1691 audivit

390 1737 508 1803 Sancta
530 1738 635 1822 proles
658 1742 689 1802 et
712 1738 757 1802 eis
780 1738 917 1802 libenter
938 1734 1089 1800 obedivit·

390 1843 587 1908 Observabat
609 1844 716 1908 omnia
738 1843 890 1907 mandata
913 1841 963 1906 sui
985 1839 1086 1924 patris

322 1966 360 2003 {1⁶⁰
388 1947 616 2041 Obtemperans
638 1948 779 2013 consiliis
801 1947 913 2012 dilecte
934 1968 989 2010 sue
1011 1943 1134 2009 matris.

377 2054 464 2120 'Non
486 2065 593 2120 autem
616 2061 684 2119 erat
706 2053 845 2118 insolens
868 2074 956 2117 more
978 2049 1092 2136 puerili

391 2159 458 2225 Nec
479 2165 548 2225 erat
568 2182 758 2244 exasperans
780 2180 868 2222 more
889 2156 1031 2222 iuvenili.

394 2263 568 2349 Nunquam
591 2263 786 2328 vanitatibus
808 2262 931 2326 levibus
952 2258 1096 2337 excessit,

390 2366 450 2432 Sed
472 2369 589 2434 teneris
611 2369 671 2432 sub
694 2367 817 2431 artibus
840 2387 894 2430 cor
917 2365 1014 2429 senile
1037 2364 1154 2450 gessitq

248 2553 252 2560 .
326 2492 364 2529 555
392 2472 511 2537 Contra
532 2479 652 2537 morem
674 2494 845 2555 puerorum
868 2471 975 2549 tacita,
999 2470 1107 2554 quieta

390 2579 466 2644 Fuit
489 2584 521 2645 et
543 2580 718 2664 composita
740 2579 878 2662 prudens
902 2581 934 2643 ct
956 2577 1102 2642 discreta.

236 2797 341 2880 Quod
370 2799 501 2889 Maria,
531 2824 615 2874 cum
635 2801 702 2874 Vll
733 2824 915 2893 annorum
943 2804 1054 2890 esset,
1082 2797 1298 2896 presentata
1326 2795 1386 2862 est

697 2925 735 2996 in
763 2926 915 3020 templo.

392 3107 531 3189 Tempus
553 3107 617 3171 iam
639 3107 775 3172 infantie
797 3107 901 3171 Maria
922 3130 995 3171 cum
1017 3109 1182 3172 transisset

393 3212 436 3275 Et
459 3235 615 3300 annorum
637 3214 777 3297 spatium
800 3219 920 3297 septem
943 3214 1146 3297 implevisset,

393 3315 517 3381 Ornant
537 3341 608 3382 eam
631 3320 771 3383 vestibus
792 3318 1010 3383 mundissimis
1034 3320 1189 3401 parentes,
1301 3312 1304 3323 '

326 3440 365 3476 cco
394 3422 561 3486 Pulchrius
584 3426 621 3487 ut
643 3428 793 3507 poterant
814 3426 916 3509 ipsam
939 3424 1116 3500 induentes,

393 3526 438 3590 llt
459 3549 529 3591 eam
550 3529 583 3592 in
606 3528 785 3594 Jerusalem
806 3532 923 3595 iterum
945 3530 1103 3594 duxerunt

393 3630 499 3715 Atque
521 3634 736 3700 sacerdotibus
759 3635 843 3699 hanc
864 3638 1135 3719 presentaverunt.

235 3848 290 3922 De
306 3838 518 3947 Virginibus
546 3856 809 3931 habitantibus
836 3860 944 3929 iuxta
969 3857 1153 3951 templum
1176 3855 1386 3946 Salomonis

444 3980 578 4072 quibus
608 3983 796 4054 associata
822 3987 881 4055 est
907 3981 1013 4074 virgo
1041 3978 1173 4057 Maria.

392 4158 574 4225 Sacerdotes
598 4161 756 4246 virginem
777 4162 887 4226 statim
908 4162 1094 4226 locaverunt

392 4265 429 4333 In
453 4268 615 4353 virginum
637 4268 782 4352 collegio,
804 4290 866 4352 qne
888 4271 965 4332 tunc
987 4266 1216 4333 habitaverunt

801 4410 819 4452 a

306 4493 356 4547 537
378 4493 403 4547 Μ
423 4508 519 4548 amare
536 4494 604 4547 cast.
