3000 5125
816 319 879 388 112

426 498 547 565 Versus
569 520 661 564 aures
682 499 889 565 condecenter
910 500 1068 567 modicum
1089 507 1250 587 protensa.

675 739 729 812 De
757 741 886 812 mento
912 739 1017 812 desu.

346 941 398 979 ³²⁸⁰
425 921 700 988 Semicirculatum
723 925 793 986 erat
814 925 968 999 mentum,
991 924 1028 985 ut
1050 920 1180 985 decebat

424 1027 470 1093 lllt
489 1028 649 1093 modicum
670 1026 855 1091 valliculum
877 1048 934 1111 per
956 1026 1095 1091 medium
1117 1025 1266 1091 habebat.

607 1279 610 1290 ·
688 1263 742 1339 De
774 1263 870 1337 collo
895 1263 998 1336 Jcsu.

426 1446 551 1512 Collum
573 1446 640 1512 eius
663 1446 794 1511 canduit
815 1446 917 1511 lacteo
939 1444 1066 1526 collore,

423 1551 541 1616 Debita
563 1552 711 1637 grossitie
731 1552 815 1617 miro
838 1573 909 1616 cum
933 1553 1052 1616 decore.

427 1655 503 1722 Non
525 1658 587 1721 fuit
610 1658 704 1723 nimis
727 1658 856 1743 gracile,
879 1679 981 1742 neque
1003 1657 1099 1721 nimis
1121 1658 1267 1741 spissum,

348 1781 400 1819 ³2³⁶
425 1760 538 1847 Neque
559 1764 655 1828 breve
676 1786 733 1829 nec
755 1766 789 1829 in
811 1764 944 1849 longum
966 1763 1100 1827 nimium
1123 1762 1291 1838 emissum,

423 1866 535 1952 Neque
557 1873 671 1954 guttur
693 1870 823 1948 tumuit,
845 1890 901 1934 nec
923 1869 986 1933 fuit
1008 1865 1210 1945 strumosum,

423 1971 492 2038 Nec
514 1997 552 2038 ex
575 1976 680 2040 nervis
702 1976 804 2061 riguit
825 1974 943 2039 collum
965 1979 1155 2038 tortuosum.

425 2079 550 2145 Collum
572 2079 649 2145 Jcsu
672 2081 841 2165 pulchrum
863 2084 941 2160 erat,
964 2081 1096 2166 planum
1117 2083 1213 2164 atque
1235 2081 1366 2155 rectum,

421 2182 550 2270 Semper
572 2187 639 2269 ipse
661 2186 760 2270 gessit
782 2183 844 2248 hoc
866 2184 1011 2249 decenter
1034 2195 1067 2248 et
1088 2187 1237 2249 erectum.

344 2308 397 2346 ⁸²⁴⁰
423 2288 509 2354 Raro
531 2313 624 2354 suum
647 2290 750 2355 tenuit
773 2289 891 2354 collum
912 2289 1124 2369 incurvatum,

424 2393 506 2472 Quia
527 2418 650 2481 semper
671 2394 787 2459 habuit
809 2400 905 2481 caput
927 2395 1095 2460 elevatum.

421 2498 506 2567 Nam
528 2523 602 2588 sepe
624 2499 727 2567 celum
750 2501 849 2567 oculis
871 2500 924 2587 liic
946 2500 1144 2587 respiciebat,
1418 2564 1423 2571 ,

420 2606 465 2672 lllt
487 2607 526 2671 ad
549 2611 674 2691 patrem
695 2629 818 2691 semper
840 2607 908 2671 eius
930 2608 1090 2671 intentum
1111 2627 1164 2671 cor
1186 2604 1334 2683 habebat,

420 2709 514 2777 Unde
537 2712 654 2777 collum
676 2713 835 2777 modicum
857 2713 982 2797 erigens
1003 2712 1153 2790 extendit,

344 2834 396 2871 πω
423 2816 475 2880 Ad
497 2820 622 2901 patrem
643 2821 739 2902 caput
762 2817 888 2882 elevans
911 2817 1010 2882 oculis
1033 2816 1179 2882 intendit.

421 2920 533 3005 Caput,
557 2922 692 3001 vultum,
716 2922 823 2988 oculos
845 2922 950 3007 sepius
973 2920 1083 3003 erexit,

314 3090 316 3095 .
421 3025 473 3090 Ad
495 3026 607 3108 celum,
630 3012 755 3112 dequo
777 3032 916 3107 venerat,
938 3027 1057 3112 pluries
1079 3027 1226 3112 respexit.

644 3266 698 3341 De
724 3268 900 3341 manibus
926 3268 1031 3341 Jesu.
1144 3327 1147 3333 ,

419 3444 534 3512 Manus
557 3453 648 3512 erant
669 3446 803 3530 habiles,
826 3450 967 3530 candide,
991 3451 1144 3532 decentes,

418 3551 532 3616 Molles
554 3556 586 3616 et
610 3552 803 3633 tractabiles,
826 3556 966 3620 deforme
988 3555 1035 3620 nil
1057 3555 1219 3621 habentes.

342 3674 393 3711 ³2⁵⁰
419 3655 528 3742 Longe
550 3657 637 3737 satis,
661 3679 747 3736 sane,
771 3658 865 3741 plane
886 3658 1018 3725 fuerunt
1040 3665 1137 3746 atque
1158 3664 1252 3739 recte,

422 3761 523 3826 Carne
545 3762 736 3828 naturaliter
758 3768 849 3828 erant
869 3764 949 3829 bene
971 3769 1063 3830 tecte.

419 3863 458 3930 In
481 3867 545 3932 illis
567 3867 655 3931 nulle
677 3868 791 3933 venule
812 3868 997 3935 deformiter
1018 3873 1201 3957 turgebant,

417 3970 530 4056 Neque
551 3973 640 4036 nervi
664 3973 842 4058 riguerunt,
865 3996 922 4039 nec
944 3997 1016 4040 osse
1037 3976 1269 4060 prominebant.

726 4208 781 4282 De
809 4209 946 4306 digitis.

418 4391 531 4480 Diffl‘ta
552 4392 730 4478 tornatiles,
753 4395 852 4483 longi,
874 4397 1030 4484 generosi,
