3000 5125
775 350 839 421 150

384 532 471 599 Male
491 536 598 596 tamen
620 531 682 596 erit
704 530 733 595 ei
756 551 812 614 per
835 548 929 613 quem
950 527 1123 593 moriturus

386 636 464 703 Sum
486 658 557 721 ego,
580 636 655 719 quia
677 635 790 699 melius
813 634 842 698 ei
864 632 1071 711 convenisset,

306 762 358 799 ⁴³4⁶
386 741 420 808 Si
443 743 481 807 de
503 741 616 805 matris
638 746 729 806 utero
753 743 849 805 natus
871 761 935 804 non
958 738 1099 804 fuisset<
1216 781 1220 788 -

383 848 435 913 Ex
456 847 517 911 hoc
539 868 647 911 omnes
670 846 901 910 contristantur
922 843 1058 909 invicem
1081 848 1258 928 querentes,

386 951 539 1029 Quisnam
561 956 643 1017 esset
665 951 720 1016 ille
742 951 848 1031 miser,
870 948 991 1035 singuli
1013 950 1168 1015 dicentes:

391 1055 573 1142 »Numquid
596 1077 666 1142 ego,
689 1056 826 1135 domine,
848 1077 928 1133 sum,
951 1053 1000 1119 vel
1024 1055 1095 1139 quis
1118 1059 1166 1119 est
1187 1055 1260 1135 iste,

388 1159 450 1237 Qui
471 1166 504 1227 te
526 1162 703 1227 traditurus
726 1164 785 1239 est,
808 1161 938 1226 ostende
960 1160 1062 1239 nobis,
1086 1159 1249 1227 Christet«

307 1285 360 1323 csso
387 1263 480 1331 Jesus
503 1267 566 1331 ait:
594 1266 736 1331 »Mecum
761 1288 891 1330 manum
912 1266 946 1329 in
970 1266 1099 1330 calicem
1121 1265 1265 1350 intingit,

386 1367 447 1445 Qui
469 1369 645 1436 Judeorum
666 1371 813 1435 manibus
835 1371 959 1435 tradere
979 1392 1030 1434 me
1051 1369 1173 1454 fingit«

253 1553 256 1558 Ι
390 1474 573 1561 >Numquid
597 1497 657 1561 ego
679 1498 770 1555 sum,
794 1473 944 1540 Rastia«
978 1481 1054 1540 tunc
1076 1473 1177 1539 Judas
1200 1473 1392 1540 Scariothes

386 1578 514 1665 Inquit3
541 1579 742 1645 »manifestes
766 1602 837 1644 eum
860 1580 962 1659 nobis,
986 1602 1079 1664 quem
1101 1584 1137 1644 tu
1159 1583 1290 1645 notes!‹

386 1683 479 1750 Jesus
503 1686 548 1750 ait
570 1686 611 1750 ad
632 1707 722 1750 eum:
747 1684 837 1749 »Hoc
859 1690 895 1749 tu
917 1706 1001 1749 nunc
1024 1685 1141 1765 dixisti,

310 1809 362 1846 43⁵⁶
389 1790 467 1868 Quis
490 1814 540 1856 me
561 1792 736 1856 traditurus
760 1791 811 1870 sit,
834 1814 854 1855 a
875 1813 926 1855 me
948 1795 985 1855 tn
1007 1790 1168 1874 quesisti«

389 1893 450 1960 Sed
472 1894 614 1962 Johanni
637 1919 734 1981 prope
757 1896 836 1962 Jesn
858 1897 942 1961 latus
965 1896 1114 1961 residenti

390 1999 519 2074 Occulta
541 2001 654 2067 Petrus
676 2003 792 2083 innuit,
816 2006 853 2067 ut
874 2025 949 2067 voce
971 2003 1031 2067 sub
1054 2002 1168 2066 latenti

389 2107 418 2170 A
442 2106 520 2172 Jesu
541 2107 666 2173 Christe
689 2109 785 2173 tacite
808 2109 971 2174 sciscitans
994 2108 1147 2192 exploret,
1270 2121 1273 2126 “

387 2209 496 2296 Ipsum
519 2215 590 2298 quis
612 2217 679 2279 tam
702 2214 800 2298 impie
822 2214 997 2279 traditurus
1020 2213 1112 2278 foret.

310 2336 362 2373 ⁴³⁶0
389 2317 478 2381 Tunc
500 2318 540 2381 ad
562 2323 671 2402 pectus
692 2341 726 2383 se
748 2316 826 2383 Jesu
847 2316 1011 2383 lohannes
1033 2317 1208 2397 inclinarit,
1483 2251 1485 2408 1

387 2421 465 2498 Quis
487 2427 568 2487 esset
590 2424 645 2488 ille
667 2422 805 2507 perfidus
828 2423 910 2487 clam
932 2422 1153 2508 interrogavit

388 2523 481 2592 Jesus
504 2527 568 2592 ait:
593 2526 671 2592 »cui
695 2527 778 2593 dabo
800 2550 916 2613 panem
937 2526 1022 2593 hunc
1045 2527 1226 2606 intinctum,

388 2631 451 2696 Hic
472 2654 522 2696 ma
544 2632 720 2698 traditurus
744 2636 792 2697 est
814 2654 871 2717 per
893 2632 1034 2698 demonis
1057 2632 1273 2697 instinctum«

389 2734 466 2799 Post
487 2735 548 2801 hoc
569 2735 652 2801 Jnde
673 2737 807 2801 tradidit
829 2737 1003 2802 buccellam
1025 2759 1121 2822 quam
1143 2735 1287 2815 intinxit,

312 2862 363 2897 4³⁶⁵
391 2841 491 2916 Quam
515 2844 552 2905 ut
575 2841 710 2906 comedit
731 2842 787 2906 ille
808 2843 904 2907 miser
927 2843 1038 2907 statim
1059 2864 1132 2907 eum
1154 2842 1257 2906 vinxit

388 2946 554 3025 Diabolus,
578 2950 609 3011 et
631 2947 714 3012 hanc
737 2947 910 3013 buccellam
932 2952 1102 3033 postquam
1125 2947 1349 3026 manducavit,

389 3051 467 3117 Post
488 3051 663 3121 buccellam
685 3053 719 3116 in
742 3076 815 3119 eum
838 3051 997 3119 Sathenas
1018 3053 1162 3119 intravit.

391 3156 501 3232 >Quod
523 3156 602 3223 facis
623 3159 684 3224 hoc
705 3158 759 3224 fao
780 3160 892 3226 citius«
917 3158 1011 3226 Jesus
1033 3161 1108 3225 huic
1130 3159 1271 3237 dicebat3

389 3262 517 3342 Nullus,
541 3286 638 3361 quare
661 3265 778 3331 diceret
801 3267 872 3344 hoc,
892 3265 1104 3352 intelligebat.
1485 3268 1486 3277 ’

286 3580 390 3667 Quod
417 3580 538 3655 Judas
565 3602 735 3678 egressus
763 3586 820 3658 est
847 3583 895 3657 ad
922 3581 1149 3657 tradendum
1176 3582 1320 3656 Jesum.

312 3805 363 3843 nro
390 3787 480 3852 Tunc
502 3789 556 3855 ille
578 3789 774 3854 miserrimus
797 3790 935 3854 surrexit
956 3792 989 3854 et
1011 3790 1119 3870 exivit,

390 3892 436 3959 Ut
458 3893 535 3978 ipsis
558 3893 667 3959 Jesum
690 3894 839 3974 traderet,
864 3895 903 3959 ad
926 3896 1103 3960 sacerdotes
1124 3894 1193 3960 ivit.
1301 3925 1304 3931 ¹

389 3999 469 4065 (lum
491 3999 627 4066 traditor
650 4001 691 4064 ab
713 4000 786 4064 aliis
807 4000 871 4066 fuit
893 4004 1066 4085 separatus,

389 4103 542 4189 Reliquos
565 4105 734 4189 discipulos
758 4110 807 4170 est
827 4104 921 4170 Jesus
943 4106 1134 4172 consolatus.

389 4208 440 4274 Ad
463 4209 628 4274 caritatem
650 4214 796 4276 mutuam
817 4210 903 4296 ipsos
926 4212 1124 4292 adhortatur,

255 4334 257 4340 ¹
311 4332 363 4369 4375
389 4312 558 4379 Imminere
580 4316 758 4398 passionem
781 4339 871 4382 suam
894 4320 1105 4401 protestatum

389 4416 497 4506 Atque
519 4422 779 4491 resurrectionem
801 4422 878 4513 ipsis
900 4422 1094 4511 manifestat,
