3000 5125
807 364 871 432 236

419 543 463 608 Et
484 564 518 606 se
539 541 645 627 plures
667 540 809 606 infideles
832 541 993 605 credentes
1015 538 1066 603 his
1087 539 1271 605 iunxerunt.

341 666 393 703 roro
418 645 479 711 Sed
501 645 595 710 multi
616 647 655 711 de
676 645 847 730 provinciis
869 643 1046 709 Jerusalem
1070 647 1232 724 venerunt,

420 749 544 816 Sanctis
566 751 607 815 ab
629 749 781 835 apostolis
804 749 947 815 conversi
969 750 1023 834 qui
1047 748 1185 828 luerunt,

419 856 552 922 Cernere
573 856 709 921 Mariam
731 860 866 921 matrem
888 859 983 940 atque
1005 853 1179 919 confortari

416 960 455 1026 In
476 961 547 1042 fide,
571 983 666 1046 quam
688 964 899 1045 susceperant,
922 961 962 1025 ab
984 960 1046 1025 hac
1067 964 1099 1026 et
1121 958 1289 1039 consolari,

417 1067 463 1131 Et
484 1066 590 1130 videre
612 1064 768 1130 Jacobum
791 1066 847 1150 qui
869 1064 970 1154 frater
992 1063 1156 1129 dicebatur

339 1192 392 1229 roo
418 1170 505 1251 Jesu,
528 1194 603 1235 nam
626 1171 806 1235 simillimus
828 1171 903 1237 huic
925 1192 991 1236 esse
1014 1168 1191 1246 videbatur,

419 1275 480 1342 Sed
502 1281 578 1341 tunc
600 1297 717 1360 magna
739 1275 838 1340 fames
861 1274 925 1339 fuit
947 1278 1018 1340 orta
1040 1296 1097 1359 per
1118 1272 1265 1352 Judeam,

324 1460 327 1465 p
418 1381 511 1447 Unde
533 1402 686 1467 magnam
708 1381 909 1447 sustinebant
929 1380 1096 1466 penuriam
1118 1400 1174 1464 per
1196 1400 1267 1442 eam

418 1485 541 1552 Fideles
563 1491 598 1550 in
618 1485 805 1564 Jerusalem,
827 1485 1062 1551 ideofecerunt

417 1589 565 1676 Apostoli
587 1614 643 1676 per
664 1592 820 1676 populum
841 1592 988 1656 collectas
1011 1593 1042 1655 et
1063 1589 1219 1654 miserunt

309 1744 314 1756 .
342 1716 393 1753 ⁷⁰2⁰
420 1696 616 1782 Pauperibus
639 1696 815 1762 Jerusalem
838 1698 873 1761 in
895 1696 1134 1761 subventionem

419 1800 532 1867 Victus
554 1806 650 1887 atque
671 1804 811 1887 corporis
833 1802 1104 1868 sustentationem.

263 2098 368 2182 Quod
395 2102 549 2173 sanctus
577 2101 747 2195 Ignatius
783 2102 932 2197 scripsit
965 2102 1167 2198 epistulam
1197 2102 1309 2175 beate
1336 2102 1404 2174 vir-

716 2226 794 2319 gini
820 2224 947 2312 Maria.

417 2431 563 2516 Ignatius
586 2431 758 2516 discipulus
781 2431 937 2497 Johannis
961 2431 1093 2499 Zebedei

419 2536 553 2623 Scripsit
575 2543 651 2604 tunc
674 2538 842 2625 epistolam
864 2538 966 2605 Marie
987 2540 1084 2605 matri
1106 2541 1175 2618 dei;

419 2642 480 2708 Sed
503 2648 535 2709 et
557 2646 615 2710 hec
638 2646 773 2730 epistola
795 2650 937 2711 tenorem
959 2646 1044 2711 hunc
1066 2646 1215 2728 habebat,

340 2767 391 2804 ⁷02⁶
418 2746 552 2816 Sanctus
575 2773 671 2835 quam
692 2750 840 2836 Ignatius
862 2751 980 2838 virgini
1003 2752 1170 2817 scribebat.

677 3069 800 3142 Tenor
828 3070 994 3165 epistole.

421 3275 565 3362 >Virgini
587 3275 783 3356 christifere,
807 3276 908 3343 Marie
929 3279 1027 3343 matri
1048 3280 1107 3360 dei,

416 3381 561 3468 Ignatim
584 3382 757 3467 discipulus
779 3382 936 3449 Johannis
958 3381 1100 3465 Zebedei,

416 3485 460 3550 Et
482 3487 584 3551 adhuc
605 3485 795 3572 Neophytus
817 3488 849 3551 in
873 3487 935 3552 fide
956 3486 1146 3569 Christiana,
1271 3565 1274 3569 ,

417 3587 569 3671 Salutem,
593 3614 711 3676 paoem,
734 3592 904 3676 gaudium!
927 3598 1034 3658 tenere
1056 3598 1162 3659 mente
1184 3616 1279 3659 sana:

338 3714 389 3754 roso
417 3693 443 3760 Ο
466 3696 594 3760 domina
616 3695 807 3776 dulcissima,
831 3719 886 3780 per
909 3701 941 3762 te
964 3697 1121 3762 consolari

416 3801 570 3866 Deberem
593 3802 679 3866 etin
703 3802 764 3866 lide
786 3802 834 3867 tui
857 3801 935 3867 Jesu
957 3803 1139 3868 confortari.

398 3900 533 3970 'Audivi
554 3929 629 3971 nam
652 3908 690 3972 de
712 3906 789 3972 Jesu
811 3911 868 3971 tuo
890 3907 1028 3992 plurima
1049 3909 1204 3990 miranda,

415 4010 460 4075 Et
481 4012 601 4076 cunctis
622 4012 806 4077 nationibus
829 4014 962 4098 posteris
985 4014 1153 4095 narranda,

414 4116 524 4202 Ipsum
546 4118 630 4203 quod
653 4119 832 4203 conceperis
847 4142 977 4184 manens
999 4120 1182 4185 incontacta

337 4241 389 4279 ⁷0³⁶
415 4222 527 4308 Virgo,
551 4224 588 4288 de
610 4223 707 4288 solius
730 4224 780 4288 dei
802 4224 899 4289 verbo
914 4246 1015 4289 carne
1036 4223 1130 4305 facta,

414 4329 458 4393 Et
481 4330 564 4413 quod
586 4329 696 4393 multis
718 4328 817 4393 fuerit
839 4330 939 4415 signis
962 4330 1000 4395 de
1022 4334 1055 4395 te
1077 4334 1182 4408 natue,

414 4434 588 4519 Multisque
609 4434 770 4499 miraculis
792 4436 910 4503 mundo
934 4435 1177 4519 demonstratus,
