<?xml version="1.0" encoding="UTF-8"?>
<!DOCTYPE html PUBLIC "-//W3C//DTD XHTML 1.0 Transitional//EN"
    "http://www.w3.org/TR/xhtml1/DTD/xhtml1-transitional.dtd">
<html xmlns="http://www.w3.org/1999/xhtml" xml:lang="en" lang="en">
 <head>
  <title>
</title>
<meta http-equiv="Content-Type" content="text/html;charset=utf-8" />
  <meta name='ocr-system' content='tesseract 3.04.00' />
  <meta name='ocr-capabilities' content='ocr_page ocr_carea ocr_par ocr_line ocrx_word'/>
</head>
<body>
  <div class='ocr_page' id='page_1' title='image "./vitabeatevirgin02vggoog_0156.png"; bbox 0 0 3000 5125; ppageno 0'>
   <div class='ocr_carea' id='block_1_1' title="bbox 786 358 850 426">
    <p class='ocr_par' dir='ltr' id='par_1_1' title="bbox 786 358 850 426">
     <span class='ocr_line' id='line_1_1' title="bbox 786 358 850 426; baseline 0.016 -1"><span class='ocrx_word' id='word_1_1' title='bbox 786 358 850 426; x_wconf 81' lang='lat'>144</span> 
     </span>
    </p>
   </div>
   <div class='ocr_carea' id='block_1_2' title="bbox 255 533 1323 4507">
    <p class='ocr_par' dir='ltr' id='par_1_2' title="bbox 255 533 1323 4507">
     <span class='ocr_line' id='line_1_2' title="bbox 399 533 1086 621; baseline -0.007 -19"><span class='ocrx_word' id='word_1_2' title='bbox 399 535 554 621; x_wconf 76' lang='lat' dir='ltr'>Contigit,</span> <span class='ocrx_word' id='word_1_3' title='bbox 578 539 614 600; x_wconf 91' lang='lat' dir='ltr'>ut</span> <span class='ocrx_word' id='word_1_4' title='bbox 635 533 772 601; x_wconf 82' lang='lat' dir='ltr'><strong>Lazarus</strong></span> <span class='ocrx_word' id='word_1_5' title='bbox 794 535 848 599; x_wconf 91' lang='lat' dir='ltr'>hic</span> <span class='ocrx_word' id='word_1_6' title='bbox 869 534 1086 599; x_wconf 88' lang='lat' dir='ltr'>infirmaretur</span> 
     </span>
     <span class='ocr_line' id='line_1_3' title="bbox 398 639 1269 726; baseline -0.005 -20"><span class='ocrx_word' id='word_1_7' title='bbox 398 642 443 706; x_wconf 76' lang='lat' dir='ltr'>nt</span> <span class='ocrx_word' id='word_1_8' title='bbox 464 645 536 726; x_wconf 88' lang='lat' dir='ltr'>post</span> <span class='ocrx_word' id='word_1_9' title='bbox 559 645 684 726; x_wconf 85' lang='lat' dir='ltr'>tempus</span> <span class='ocrx_word' id='word_1_10' title='bbox 706 641 868 707; x_wconf 87' lang='lat' dir='ltr'>modicum</span> <span class='ocrx_word' id='word_1_11' title='bbox 891 639 1058 705; x_wconf 84' lang='lat' dir='ltr'>defunctus</span> <span class='ocrx_word' id='word_1_12' title='bbox 1081 642 1269 702; x_wconf 91' lang='lat' dir='ltr'>moreretur.</span> 
     </span>
     <span class='ocr_line' id='line_1_4' title="bbox 397 744 1205 833; baseline -0.004 -22"><span class='ocrx_word' id='word_1_13' title='bbox 397 746 555 812; x_wconf 76' lang='lat' dir='ltr'><strong>Miserunt</strong></span> <span class='ocrx_word' id='word_1_14' title='bbox 577 769 654 833; x_wconf 85' lang='lat' dir='ltr'>ergo</span> <span class='ocrx_word' id='word_1_15' title='bbox 676 768 800 813; x_wconf 85' lang='lat' dir='ltr'>sorores</span> <span class='ocrx_word' id='word_1_16' title='bbox 824 745 864 811; x_wconf 88' lang='lat' dir='ltr'>ad</span> <span class='ocrx_word' id='word_1_17' title='bbox 888 744 998 811; x_wconf 83' lang='lat' dir='ltr'>desum</span> <span class='ocrx_word' id='word_1_18' title='bbox 1021 745 1205 810; x_wconf 75' lang='lat' dir='ltr'>nuntiantes</span> 
     </span>
     <span class='ocr_line' id='line_1_5' title="bbox 319 851 1153 939; baseline -0.002 -22"><span class='ocrx_word' id='word_1_19' title='bbox 319 871 371 910; x_wconf 75' lang='lat'>41⁶⁶</span> <span class='ocrx_word' id='word_1_20' title='bbox 398 852 521 919; x_wconf 77' lang='lat' dir='ltr'><strong>Fratris</strong></span> <span class='ocrx_word' id='word_1_21' title='bbox 543 853 766 939; x_wconf 76' lang='lat' dir='ltr'>egritudinem,</span> <span class='ocrx_word' id='word_1_22' title='bbox 789 853 830 918; x_wconf 92' lang='lat' dir='ltr'>ab</span> <span class='ocrx_word' id='word_1_23' title='bbox 852 853 922 936; x_wconf 89' lang='lat' dir='ltr'>ipso</span> <span class='ocrx_word' id='word_1_24' title='bbox 944 851 1153 937; x_wconf 81' lang='lat' dir='ltr'>postulantes,</span> 
     </span>
     <span class='ocr_line' id='line_1_6' title="bbox 372 957 1138 1046; baseline -0.004 -21"><span class='ocrx_word' id='word_1_25' title='bbox 372 997 374 1000; x_wconf 95' lang='lat'>·</span> <span class='ocrx_word' id='word_1_26' title='bbox 398 959 445 1026; x_wconf 90' lang='lat' dir='ltr'>Ut</span> <span class='ocrx_word' id='word_1_27' title='bbox 466 960 506 1025; x_wconf 90' lang='lat' dir='ltr'>ad</span> <span class='ocrx_word' id='word_1_28' title='bbox 528 982 581 1025; x_wconf 89' lang='lat' dir='ltr'>eas</span> <span class='ocrx_word' id='word_1_29' title='bbox 602 960 791 1046; x_wconf 80' lang='lat' dir='ltr'>dignaretur</span> <span class='ocrx_word' id='word_1_30' title='bbox 813 958 999 1044; x_wconf 80' lang='lat' dir='ltr'>quantotius</span> <span class='ocrx_word' id='word_1_31' title='bbox 1021 957 1138 1035; x_wconf 86' lang='lat' dir='ltr'>venire,</span> 
     </span>
     <span class='ocr_line' id='line_1_7' title="bbox 397 1062 1039 1130; baseline -0.003 -1"><span class='ocrx_word' id='word_1_32' title='bbox 397 1063 435 1129; x_wconf 89' lang='lat' dir='ltr'>In</span> <span class='ocrx_word' id='word_1_33' title='bbox 457 1064 645 1130; x_wconf 88' lang='lat' dir='ltr'>infirmitate</span> <span class='ocrx_word' id='word_1_34' title='bbox 665 1087 724 1130; x_wconf 91' lang='lat' dir='ltr'>sua</span> <span class='ocrx_word' id='word_1_35' title='bbox 745 1064 839 1129; x_wconf 83' lang='lat' dir='ltr'>fratri</span> <span class='ocrx_word' id='word_1_36' title='bbox 861 1062 1039 1130; x_wconf 87' lang='lat' dir='ltr'>subvenire.</span> 
     </span>
     <span class='ocr_line' id='line_1_8' title="bbox 399 1166 1244 1257; baseline -0.006 -22"><span class='ocrx_word' id='word_1_37' title='bbox 399 1168 555 1235; x_wconf 85' lang='lat' dir='ltr'>Reversus</span> <span class='ocrx_word' id='word_1_38' title='bbox 577 1191 654 1257; x_wconf 82' lang='lat' dir='ltr'>ergo</span> <span class='ocrx_word' id='word_1_39' title='bbox 677 1171 824 1236; x_wconf 91' lang='lat' dir='ltr'>dominus</span> <span class='ocrx_word' id='word_1_40' title='bbox 847 1169 1038 1235; x_wconf 90' lang='lat' dir='ltr'>Bethaniam</span> <span class='ocrx_word' id='word_1_41' title='bbox 1061 1189 1133 1233; x_wconf 89' lang='lat' dir='ltr'>cum</span> <span class='ocrx_word' id='word_1_42' title='bbox 1155 1166 1244 1232; x_wconf 86' lang='lat' dir='ltr'>venit</span> 
     </span>
     <span class='ocr_line' id='line_1_9' title="bbox 397 1270 1286 1350; baseline -0.002 -13"><span class='ocrx_word' id='word_1_43' title='bbox 397 1272 658 1350; x_wconf 75' lang='lat' dir='ltr'>Quadriduanum</span> <span class='ocrx_word' id='word_1_44' title='bbox 680 1273 835 1339; x_wconf 80' lang='lat' dir='ltr'>Lazarum</span> <span class='ocrx_word' id='word_1_45' title='bbox 858 1273 1043 1339; x_wconf 85' lang='lat' dir='ltr'>defunctum</span> <span class='ocrx_word' id='word_1_46' title='bbox 1064 1273 1130 1337; x_wconf 87' lang='lat' dir='ltr'>iam</span> <span class='ocrx_word' id='word_1_47' title='bbox 1152 1270 1286 1337; x_wconf 85' lang='lat' dir='ltr'>invenit.</span> 
     </span>
     <span class='ocr_line' id='line_1_10' title="bbox 321 1377 1273 1465; baseline -0.004 -21"><span class='ocrx_word' id='word_1_48' title='bbox 321 1398 375 1434; x_wconf 75' lang='lat' dir='ltr'>nco</span> <span class='ocrx_word' id='word_1_49' title='bbox 401 1377 531 1445; x_wconf 85' lang='lat' dir='ltr'>Sorores</span> <span class='ocrx_word' id='word_1_50' title='bbox 554 1384 660 1446; x_wconf 86' lang='lat' dir='ltr'>autem</span> <span class='ocrx_word' id='word_1_51' title='bbox 683 1380 847 1445; x_wconf 88' lang='lat' dir='ltr'>audientes</span> <span class='ocrx_word' id='word_1_52' title='bbox 869 1380 954 1465; x_wconf 91' lang='lat' dir='ltr'>quod</span> <span class='ocrx_word' id='word_1_53' title='bbox 976 1377 1070 1444; x_wconf 88' lang='lat' dir='ltr'>Jesus</span> <span class='ocrx_word' id='word_1_54' title='bbox 1093 1377 1273 1443; x_wconf 89' lang='lat' dir='ltr'>advenisset</span> 
     </span>
     <span class='ocr_line' id='line_1_11' title="bbox 397 1482 1159 1570; baseline -0.003 -21"><span class='ocrx_word' id='word_1_55' title='bbox 397 1482 632 1570; x_wconf 79' lang='lat' dir='ltr'>Castellumque</span> <span class='ocrx_word' id='word_1_56' title='bbox 654 1484 810 1550; x_wconf 85' lang='lat' dir='ltr'>Bethania</span> <span class='ocrx_word' id='word_1_57' title='bbox 832 1484 973 1550; x_wconf 92' lang='lat' dir='ltr'>nondum</span> <span class='ocrx_word' id='word_1_58' title='bbox 995 1483 1159 1548; x_wconf 89' lang='lat' dir='ltr'>introisset</span> 
     </span>
     <span class='ocr_line' id='line_1_12' title="bbox 396 1589 1062 1657; baseline 0.003 -4"><span class='ocrx_word' id='word_1_59' title='bbox 396 1589 557 1655; x_wconf 82' lang='lat' dir='ltr'>Exeuntes</span> <span class='ocrx_word' id='word_1_60' title='bbox 580 1595 785 1657; x_wconf 86' lang='lat' dir='ltr'>occurrerunt</span> <span class='ocrx_word' id='word_1_61' title='bbox 807 1591 837 1656; x_wconf 93' lang='lat' dir='ltr'>ei</span> <span class='ocrx_word' id='word_1_62' title='bbox 857 1590 1062 1656; x_wconf 86' lang='lat' dir='ltr'>lamentando</span> 
     </span>
     <span class='ocr_line' id='line_1_13' title="bbox 397 1693 1212 1781; baseline -0.001 -21"><span class='ocrx_word' id='word_1_63' title='bbox 397 1693 633 1781; x_wconf 69' lang='lat' dir='ltr'>conquerentes</span> <span class='ocrx_word' id='word_1_64' title='bbox 654 1701 790 1763; x_wconf 85' lang='lat' dir='ltr'>mortem</span> <span class='ocrx_word' id='word_1_65' title='bbox 812 1697 862 1763; x_wconf 89' lang='lat' dir='ltr'>sui</span> <span class='ocrx_word' id='word_1_66' title='bbox 885 1696 995 1762; x_wconf 82' lang='lat' dir='ltr'>fratris</span> <span class='ocrx_word' id='word_1_67' title='bbox 1017 1694 1212 1761; x_wconf 85' lang='lat' dir='ltr'>lacrimando</span> 
     </span>
     <span class='ocr_line' id='line_1_14' title="bbox 397 1801 1174 1887; baseline 0 -22"><span class='ocrx_word' id='word_1_68' title='bbox 397 1801 442 1866; x_wconf 81' lang='lat' dir='ltr'>Et</span> <span class='ocrx_word' id='word_1_69' title='bbox 464 1801 629 1867; x_wconf 84' lang='lat' dir='ltr'>dixerunt:</span> <span class='ocrx_word' id='word_1_70' title='bbox 652 1803 780 1868; x_wconf 91' lang='lat' dir='ltr'>domine</span> <span class='ocrx_word' id='word_1_71' title='bbox 801 1803 829 1868; x_wconf 89' lang='lat' dir='ltr'>si</span> <span class='ocrx_word' id='word_1_72' title='bbox 851 1824 980 1887; x_wconf 89' lang='lat' dir='ltr'>presens</span> <span class='ocrx_word' id='word_1_73' title='bbox 1001 1805 1040 1867; x_wconf 91' lang='lat' dir='ltr'>tu</span> <span class='ocrx_word' id='word_1_74' title='bbox 1061 1801 1174 1866; x_wconf 79' lang='grc'><strong>1111111</strong></span> 
     </span>
     <span class='ocr_line' id='line_1_15' title="bbox 318 1905 1196 1972; baseline 0 -1"><span class='ocrx_word' id='word_1_75' title='bbox 318 1925 371 1963; x_wconf 77' lang='lat' dir='ltr'>uu</span> <span class='ocrx_word' id='word_1_76' title='bbox 397 1905 448 1972; x_wconf 87' lang='lat' dir='ltr'>Ne</span> <span class='ocrx_word' id='word_1_77' title='bbox 469 1906 570 1971; x_wconf 82' lang='lat' dir='ltr'>frater</span> <span class='ocrx_word' id='word_1_78' title='bbox 591 1910 699 1971; x_wconf 90' lang='lat' dir='ltr'>noster</span> <span class='ocrx_word' id='word_1_79' title='bbox 720 1910 866 1972; x_wconf 91' lang='lat' dir='ltr'>mortuus</span> <span class='ocrx_word' id='word_1_80' title='bbox 889 1909 971 1972; x_wconf 89' lang='lat' dir='ltr'>esset</span> <span class='ocrx_word' id='word_1_81' title='bbox 991 1909 1029 1970; x_wconf 89' lang='lat' dir='ltr'>tu</span> <span class='ocrx_word' id='word_1_82' title='bbox 1052 1905 1196 1971; x_wconf 80' lang='lat' dir='ltr'>cavisses.</span> 
     </span>
     <span class='ocr_line' id='line_1_16' title="bbox 397 2009 1209 2096; baseline 0.001 -20"><span class='ocrx_word' id='word_1_83' title='bbox 397 2010 490 2076; x_wconf 87' lang='lat' dir='ltr'>Jesus</span> <span class='ocrx_word' id='word_1_84' title='bbox 512 2011 621 2076; x_wconf 82' lang='lat' dir='ltr'>videns</span> <span class='ocrx_word' id='word_1_85' title='bbox 644 2010 781 2076; x_wconf 90' lang='lat' dir='ltr'>Mariam</span> <span class='ocrx_word' id='word_1_86' title='bbox 803 2011 1028 2096; x_wconf 89' lang='lat' dir='ltr'>Marthamque</span> <span class='ocrx_word' id='word_1_87' title='bbox 1049 2009 1209 2077; x_wconf 87' lang='lat' dir='ltr'>lacrimari</span> 
     </span>
     <span class='ocr_line' id='line_1_17' title="bbox 396 2116 1122 2201; baseline 0 -19"><span class='ocrx_word' id='word_1_88' title='bbox 396 2116 435 2182; x_wconf 92' lang='lat' dir='ltr'>ln</span> <span class='ocrx_word' id='word_1_89' title='bbox 454 2140 512 2183; x_wconf 92' lang='lat' dir='ltr'>suo</span> <span class='ocrx_word' id='word_1_90' title='bbox 534 2117 670 2182; x_wconf 85' lang='lat' dir='ltr'>fremens</span> <span class='ocrx_word' id='word_1_91' title='bbox 693 2117 809 2201; x_wconf 89' lang='lat' dir='ltr'>spiritu</span> <span class='ocrx_word' id='word_1_92' title='bbox 831 2118 915 2201; x_wconf 89' lang='lat' dir='ltr'>cepit</span> <span class='ocrx_word' id='word_1_93' title='bbox 937 2117 1122 2183; x_wconf 89' lang='lat' dir='ltr'>conturbari</span> 
     </span>
     <span class='ocr_line' id='line_1_18' title="bbox 395 2220 1213 2307; baseline -0.001 -21"><span class='ocrx_word' id='word_1_94' title='bbox 395 2220 589 2307; x_wconf 77' lang='lat' dir='ltr'>illarumque</span> <span class='ocrx_word' id='word_1_95' title='bbox 611 2221 860 2306; x_wconf 79' lang='lat' dir='ltr'>compassionem</span> <span class='ocrx_word' id='word_1_96' title='bbox 882 2221 1077 2286; x_wconf 88' lang='lat' dir='ltr'>lacrimando</span> <span class='ocrx_word' id='word_1_97' title='bbox 1099 2221 1213 2298; x_wconf 81' lang='lat' dir='ltr'>flebat3</span> 
     </span>
     <span class='ocr_line' id='line_1_19' title="bbox 395 2324 1114 2412; baseline -0.001 -20"><span class='ocrx_word' id='word_1_98' title='bbox 395 2326 504 2412; x_wconf 90' lang='lat' dir='ltr'>Ipsum</span> <span class='ocrx_word' id='word_1_99' title='bbox 526 2324 581 2392; x_wconf 90' lang='lat' dir='ltr'>ubi</span> <span class='ocrx_word' id='word_1_100' title='bbox 604 2326 765 2411; x_wconf 87' lang='lat' dir='ltr'>posuistis,</span> <span class='ocrx_word' id='word_1_101' title='bbox 789 2325 955 2406; x_wconf 87' lang='lat' dir='ltr'>ostendite,</span> <span class='ocrx_word' id='word_1_102' title='bbox 980 2326 1114 2392; x_wconf 90' lang='lat' dir='ltr'>dicebat.</span> 
     </span>
     <span class='ocr_line' id='line_1_20' title="bbox 318 2430 1136 2514; baseline 0.013 -25"><span class='ocrx_word' id='word_1_103' title='bbox 318 2451 370 2490; x_wconf 80' lang='lat' dir='ltr'>nro</span> <span class='ocrx_word' id='word_1_104' title='bbox 396 2430 572 2498; x_wconf 86' lang='lat' dir='ltr'>Nobiscum</span> <span class='ocrx_word' id='word_1_105' title='bbox 594 2433 667 2497; x_wconf 85' lang='lat' dir='ltr'>veni</span> <span class='ocrx_word' id='word_1_106' title='bbox 690 2433 825 2514; x_wconf 90' lang='lat' dir='ltr'>domine,</span> <span class='ocrx_word' id='word_1_107' title='bbox 849 2433 964 2512; x_wconf 87' lang='lat' dir='ltr'>videas,</span> <span class='ocrx_word' id='word_1_108' title='bbox 987 2433 1136 2500; x_wconf 82' lang='lat' dir='ltr'>dixerunt</span> 
     </span>
     <span class='ocr_line' id='line_1_21' title="bbox 395 2537 1260 2606; baseline 0.001 -1"><span class='ocrx_word' id='word_1_109' title='bbox 395 2539 440 2605; x_wconf 83' lang='lat' dir='ltr'>Et</span> <span class='ocrx_word' id='word_1_110' title='bbox 462 2539 501 2604; x_wconf 91' lang='lat' dir='ltr'>ad</span> <span class='ocrx_word' id='word_1_111' title='bbox 524 2538 634 2604; x_wconf 89' lang='lat' dir='ltr'>fratris</span> <span class='ocrx_word' id='word_1_112' title='bbox 656 2543 898 2605; x_wconf 90' lang='lat' dir='ltr'>monumentum</span> <span class='ocrx_word' id='word_1_113' title='bbox 919 2537 1030 2605; x_wconf 86' lang='lat' dir='ltr'>Jesum</span> <span class='ocrx_word' id='word_1_114' title='bbox 1053 2539 1260 2606; x_wconf 87' lang='lat' dir='ltr'>deduxerunt.</span> 
     </span>
     <span class='ocr_line' id='line_1_22' title="bbox 393 2642 1194 2731; baseline 0.002 -22"><span class='ocrx_word' id='word_1_115' title='bbox 393 2642 488 2710; x_wconf 83' lang='lat' dir='ltr'>Judei</span> <span class='ocrx_word' id='word_1_116' title='bbox 511 2646 605 2710; x_wconf 92' lang='lat' dir='ltr'>multi</span> <span class='ocrx_word' id='word_1_117' title='bbox 626 2646 840 2730; x_wconf 86' lang='lat' dir='ltr'>sequebantur</span> <span class='ocrx_word' id='word_1_118' title='bbox 861 2646 938 2710; x_wconf 90' lang='lat' dir='ltr'>illuc</span> <span class='ocrx_word' id='word_1_119' title='bbox 961 2646 1016 2731; x_wconf 90' lang='lat' dir='ltr'>qui</span> <span class='ocrx_word' id='word_1_120' title='bbox 1038 2650 1194 2712; x_wconf 85' lang='lat' dir='ltr'>venerunt</span> 
     </span>
     <span class='ocr_line' id='line_1_23' title="bbox 395 2738 1323 2837; baseline 0.003 -22"><span class='ocrx_word' id='word_1_121' title='bbox 395 2751 446 2815; x_wconf 80' lang='lat' dir='ltr'>Ad</span> <span class='ocrx_word' id='word_1_122' title='bbox 469 2751 696 2817; x_wconf 89' lang='lat' dir='ltr'>consolandum</span> <span class='ocrx_word' id='word_1_123' title='bbox 718 2753 777 2816; x_wconf 88' lang='lat' dir='ltr'>has</span> <span class='ocrx_word' id='word_1_124' title='bbox 800 2773 922 2817; x_wconf 89' lang='lat' dir='ltr'>sorores</span> <span class='ocrx_word' id='word_1_125' title='bbox 945 2752 1000 2837; x_wconf 92' lang='lat' dir='ltr'>qui</span> <span class='ocrx_word' id='word_1_126' title='bbox 1024 2755 1136 2818; x_wconf 89' lang='lat' dir='ltr'>mutuo</span> <span class='ocrx_word' id='word_1_127' title='bbox 1158 2738 1323 2818; x_wconf 74' lang='lat' dir='ltr'>dixerunt:</span> 
     </span>
     <span class='ocr_line' id='line_1_24' title="bbox 394 2856 1204 2942; baseline 0.002 -21"><span class='ocrx_word' id='word_1_128' title='bbox 394 2856 560 2942; x_wconf 87' lang='lat' dir='ltr'>Numquid</span> <span class='ocrx_word' id='word_1_129' title='bbox 581 2856 666 2921; x_wconf 89' lang='lat' dir='ltr'>buno</span> <span class='ocrx_word' id='word_1_130' title='bbox 688 2879 753 2921; x_wconf 92' lang='lat' dir='ltr'>non</span> <span class='ocrx_word' id='word_1_131' title='bbox 775 2856 881 2941; x_wconf 90' lang='lat' dir='ltr'>potuit</span> <span class='ocrx_word' id='word_1_132' title='bbox 903 2879 922 2921; x_wconf 92' lang='lat' dir='ltr'>a</span> <span class='ocrx_word' id='word_1_133' title='bbox 944 2860 1047 2922; x_wconf 89' lang='lat' dir='ltr'>morte</span> <span class='ocrx_word' id='word_1_134' title='bbox 1068 2857 1204 2924; x_wconf 87' lang='lat' dir='ltr'>liberare</span> 
     </span>
     <span class='ocr_line' id='line_1_25' title="bbox 316 2961 1172 3047; baseline 0.004 -21"><span class='ocrx_word' id='word_1_135' title='bbox 316 2979 368 3017; x_wconf 70' lang='grc'><strong>4111</strong></span> <span class='ocrx_word' id='word_1_136' title='bbox 396 2961 495 3039; x_wconf 81' lang='lat' dir='ltr'>Quem</span> <span class='ocrx_word' id='word_1_137' title='bbox 517 2967 660 3028; x_wconf 89' lang='lat' dir='ltr'>mortuos</span> <span class='ocrx_word' id='word_1_138' title='bbox 683 2963 860 3027; x_wconf 85' lang='lat' dir='ltr'>audivimus</span> <span class='ocrx_word' id='word_1_139' title='bbox 883 2984 974 3047; x_wconf 90' lang='lat' dir='ltr'>posse</span> <span class='ocrx_word' id='word_1_140' title='bbox 995 2963 1172 3030; x_wconf 77' lang='lat' dir='ltr'>suscitare?</span> 
     </span>
     <span class='ocr_line' id='line_1_26' title="bbox 394 3065 1280 3151; baseline 0.002 -19"><span class='ocrx_word' id='word_1_141' title='bbox 394 3065 455 3132; x_wconf 86' lang='lat' dir='ltr'>Sed</span> <span class='ocrx_word' id='word_1_142' title='bbox 477 3067 517 3131; x_wconf 88' lang='lat' dir='ltr'>ad</span> <span class='ocrx_word' id='word_1_143' title='bbox 539 3067 643 3151; x_wconf 89' lang='lat' dir='ltr'>ipsum</span> <span class='ocrx_word' id='word_1_144' title='bbox 666 3072 907 3133; x_wconf 91' lang='lat' dir='ltr'>monumentum</span> <span class='ocrx_word' id='word_1_145' title='bbox 930 3066 1023 3133; x_wconf 83' lang='lat' dir='ltr'>Jesus</span> <span class='ocrx_word' id='word_1_146' title='bbox 1046 3091 1119 3134; x_wconf 90' lang='lat' dir='ltr'>cnm</span> <span class='ocrx_word' id='word_1_147' title='bbox 1141 3068 1280 3135; x_wconf 86' lang='lat' dir='ltr'>venisset</span> 
     </span>
     <span class='ocr_line' id='line_1_27' title="bbox 397 3173 1074 3258; baseline 0.004 -21"><span class='ocrx_word' id='word_1_148' title='bbox 397 3176 502 3258; x_wconf 83' lang='lat' dir='ltr'>Atque</span> <span class='ocrx_word' id='word_1_149' title='bbox 524 3173 759 3258; x_wconf 88' lang='lat' dir='ltr'>superpositum</span> <span class='ocrx_word' id='word_1_150' title='bbox 782 3173 920 3258; x_wconf 86' lang='lat' dir='ltr'>lapidem</span> <span class='ocrx_word' id='word_1_151' title='bbox 942 3174 1074 3241; x_wconf 85' lang='lat' dir='ltr'>vidisset</span> 
     </span>
     <span class='ocr_line' id='line_1_28' title="bbox 393 3278 1154 3364; baseline 0.005 -22"><span class='ocrx_word' id='word_1_152' title='bbox 393 3278 469 3343; x_wconf 86' lang='lat' dir='ltr'>Ait:</span> <span class='ocrx_word' id='word_1_153' title='bbox 493 3280 578 3343; x_wconf 89' lang='lat' dir='ltr'>hunc</span> <span class='ocrx_word' id='word_1_154' title='bbox 600 3302 620 3344; x_wconf 93' lang='lat' dir='ltr'>a</span> <span class='ocrx_word' id='word_1_155' title='bbox 641 3285 848 3346; x_wconf 91' lang='lat' dir='ltr'>monumento</span> <span class='ocrx_word' id='word_1_156' title='bbox 871 3279 1010 3364; x_wconf 88' lang='lat' dir='ltr'>lapidem</span> <span class='ocrx_word' id='word_1_157' title='bbox 1031 3280 1154 3346; x_wconf 89' lang='lat' dir='ltr'>tollatis</span> 
     </span>
     <span class='ocr_line' id='line_1_29' title="bbox 393 3383 1117 3469; baseline 0.004 -21"><span class='ocrx_word' id='word_1_158' title='bbox 393 3384 437 3448; x_wconf 81' lang='lat' dir='ltr'>Et</span> <span class='ocrx_word' id='word_1_159' title='bbox 459 3383 639 3468; x_wconf 87' lang='lat' dir='ltr'>sepulerum</span> <span class='ocrx_word' id='word_1_160' title='bbox 660 3385 808 3469; x_wconf 89' lang='lat' dir='ltr'>patulum</span> <span class='ocrx_word' id='word_1_161' title='bbox 830 3388 915 3450; x_wconf 88' lang='lat' dir='ltr'>stare</span> <span class='ocrx_word' id='word_1_162' title='bbox 937 3385 1117 3451; x_wconf 87' lang='lat' dir='ltr'>dimittatis.</span> 
     </span>
     <span class='ocr_line' id='line_1_30' title="bbox 316 3490 1111 3575; baseline 0.003 -21"><span class='ocrx_word' id='word_1_163' title='bbox 316 3509 368 3546; x_wconf 74' lang='lat'>⁴1⁸0</span> <span class='ocrx_word' id='word_1_164' title='bbox 395 3490 499 3555; x_wconf 88' lang='lat' dir='ltr'>Maria</span> <span class='ocrx_word' id='word_1_165' title='bbox 521 3490 623 3556; x_wconf 83' lang='lat' dir='ltr'>dixit:</span> <span class='ocrx_word' id='word_1_166' title='bbox 645 3491 772 3556; x_wconf 89' lang='lat' dir='ltr'>domine</span> <span class='ocrx_word' id='word_1_167' title='bbox 793 3492 858 3555; x_wconf 92' lang='lat' dir='ltr'>iam</span> <span class='ocrx_word' id='word_1_168' title='bbox 881 3490 1111 3575; x_wconf 88' lang='lat' dir='ltr'>quatriduanus</span> 
     </span>
     <span class='ocr_line' id='line_1_31' title="bbox 395 3593 1216 3683; baseline 0.004 -24"><span class='ocrx_word' id='word_1_169' title='bbox 395 3593 444 3683; x_wconf 91' lang='grc' dir='ltr'>111Ι</span> <span class='ocrx_word' id='word_1_170' title='bbox 456 3595 600 3680; x_wconf 89' lang='lat' dir='ltr'>sepulcro</span> <span class='ocrx_word' id='word_1_171' title='bbox 622 3597 704 3662; x_wconf 87' lang='lat' dir='ltr'>iacet</span> <span class='ocrx_word' id='word_1_172' title='bbox 725 3596 828 3663; x_wconf 87' lang='lat' dir='ltr'>fetens</span> <span class='ocrx_word' id='word_1_173' title='bbox 850 3618 939 3661; x_wconf 89' lang='lat' dir='ltr'>meus</span> <span class='ocrx_word' id='word_1_174' title='bbox 962 3596 1015 3661; x_wconf 87' lang='lat' dir='ltr'>hio</span> <span class='ocrx_word' id='word_1_175' title='bbox 1036 3618 1216 3683; x_wconf 83' lang='lat' dir='ltr'>germanus.</span> 
     </span>
     <span class='ocr_line' id='line_1_32' title="bbox 392 3699 1110 3784; baseline 0.003 -18"><span class='ocrx_word' id='word_1_176' title='bbox 392 3699 468 3766; x_wconf 89' lang='lat' dir='ltr'>Non</span> <span class='ocrx_word' id='word_1_177' title='bbox 492 3724 524 3766; x_wconf 91' lang='lat' dir='ltr'>es</span> <span class='ocrx_word' id='word_1_178' title='bbox 547 3722 667 3766; x_wconf 90' lang='lat' dir='ltr'>memor</span> <span class='ocrx_word' id='word_1_179' title='bbox 690 3701 780 3767; x_wconf 84' lang='lat' dir='ltr'>verbi</span> <span class='ocrx_word' id='word_1_180' title='bbox 802 3701 865 3767; x_wconf 90' lang='lat' dir='ltr'>mei</span> <span class='ocrx_word' id='word_1_181' title='bbox 886 3700 981 3768; x_wconf 83' lang='lat' dir='ltr'>Jesus</span> <span class='ocrx_word' id='word_1_182' title='bbox 1003 3703 1049 3768; x_wconf 88' lang='lat' dir='ltr'>ait</span> <span class='ocrx_word' id='word_1_183' title='bbox 1071 3703 1110 3784; x_wconf 90' lang='lat' dir='ltr'>ei,</span> 
     </span>
     <span class='ocr_line' id='line_1_33' title="bbox 394 3802 1095 3891; baseline 0.007 -23"><span class='ocrx_word' id='word_1_184' title='bbox 394 3802 526 3870; x_wconf 85' lang='lat' dir='ltr'>Videbis</span> <span class='ocrx_word' id='word_1_185' title='bbox 549 3806 576 3870; x_wconf 95' lang='lat' dir='ltr'>si</span> <span class='ocrx_word' id='word_1_186' title='bbox 599 3806 767 3871; x_wconf 89' lang='lat' dir='ltr'>credideris</span> <span class='ocrx_word' id='word_1_187' title='bbox 790 3806 927 3891; x_wconf 81' lang='lat' dir='ltr'>gloriam</span> <span class='ocrx_word' id='word_1_188' title='bbox 949 3807 1013 3872; x_wconf 91' lang='lat' dir='ltr'>iam</span> <span class='ocrx_word' id='word_1_189' title='bbox 1037 3807 1095 3873; x_wconf 90' lang='lat' dir='ltr'>dei.</span> 
     </span>
     <span class='ocr_line' id='line_1_34' title="bbox 392 3908 1224 3980; baseline 0.007 -6"><span class='ocrx_word' id='word_1_190' title='bbox 392 3908 483 3975; x_wconf 77' lang='lat' dir='ltr'>Tunc</span> <span class='ocrx_word' id='word_1_191' title='bbox 505 3912 650 3976; x_wconf 81' lang='lat' dir='ltr'>exaltans</span> <span class='ocrx_word' id='word_1_192' title='bbox 672 3934 780 3976; x_wconf 86' lang='lat' dir='ltr'>vocem</span> <span class='ocrx_word' id='word_1_193' title='bbox 804 3934 895 3977; x_wconf 87' lang='lat' dir='ltr'>suam</span> <span class='ocrx_word' id='word_1_194' title='bbox 917 3911 1011 3978; x_wconf 82' lang='lat' dir='ltr'>Jesus</span> <span class='ocrx_word' id='word_1_195' title='bbox 1035 3913 1224 3980; x_wconf 85' lang='lat' dir='ltr'>exclamavit</span> 
     </span>
     <span class='ocr_line' id='line_1_35' title="bbox 255 4013 1117 4101; baseline 0.002 -20"><span class='ocrx_word' id='word_1_196' title='bbox 255 4053 257 4056; x_wconf 95' lang='lat'>·</span> <span class='ocrx_word' id='word_1_197' title='bbox 314 4032 365 4071; x_wconf 73' lang='lat'>⁴1³⁶</span> <span class='ocrx_word' id='word_1_198' title='bbox 393 4013 440 4081; x_wconf 92' lang='lat' dir='ltr'>Ut</span> <span class='ocrx_word' id='word_1_199' title='bbox 462 4016 569 4093; x_wconf 51' lang='lat' dir='ltr'>exiret,</span> <span class='ocrx_word' id='word_1_200' title='bbox 584 4017 622 4081; x_wconf 92' lang='lat' dir='ltr'>de</span> <span class='ocrx_word' id='word_1_201' title='bbox 643 4017 789 4101; x_wconf 85' lang='lat' dir='ltr'>sepulcro</span> <span class='ocrx_word' id='word_1_202' title='bbox 812 4016 967 4083; x_wconf 82' lang='lat' dir='ltr'>Lazarum</span> <span class='ocrx_word' id='word_1_203' title='bbox 989 4018 1117 4084; x_wconf 82' lang='lat' dir='ltr'>vocarit</span> 
     </span>
     <span class='ocr_line' id='line_1_36' title="bbox 390 4120 1146 4189; baseline 0.001 -4"><span class='ocrx_word' id='word_1_204' title='bbox 390 4120 525 4185; x_wconf 84' lang='lat' dir='ltr'>Dicens:</span> <span class='ocrx_word' id='word_1_205' title='bbox 549 4122 620 4187; x_wconf 86' lang='lat' dir='ltr'>veni</span> <span class='ocrx_word' id='word_1_206' title='bbox 643 4121 760 4188; x_wconf 78' lang='lat' dir='ltr'>Lauare</span> <span class='ocrx_word' id='word_1_207' title='bbox 782 4122 888 4188; x_wconf 82' lang='lat' dir='ltr'>foras!</span> <span class='ocrx_word' id='word_1_208' title='bbox 912 4145 986 4189; x_wconf 84' lang='lat' dir='ltr'>mox</span> <span class='ocrx_word' id='word_1_209' title='bbox 1009 4123 1146 4189; x_wconf 82' lang='lat' dir='ltr'>surrexit</span> 
     </span>
     <span class='ocr_line' id='line_1_37' title="bbox 394 4224 1159 4313; baseline 0.003 -23"><span class='ocrx_word' id='word_1_210' title='bbox 394 4224 442 4291; x_wconf 90' lang='lat' dir='ltr'>De</span> <span class='ocrx_word' id='word_1_211' title='bbox 464 4231 669 4292; x_wconf 89' lang='lat' dir='ltr'>monumento</span> <span class='ocrx_word' id='word_1_212' title='bbox 690 4227 882 4313; x_wconf 81' lang='lat' dir='ltr'>Lazaruset</span> <span class='ocrx_word' id='word_1_213' title='bbox 904 4228 1062 4294; x_wconf 83' lang='lat' dir='ltr'>redivivus</span> <span class='ocrx_word' id='word_1_214' title='bbox 1085 4227 1159 4293; x_wconf 82' lang='lat' dir='ltr'>exit.</span> 
     </span>
     <span class='ocr_line' id='line_1_38' title="bbox 391 4329 1292 4420; baseline 0.002 -27"><span class='ocrx_word' id='word_1_215' title='bbox 391 4329 453 4406; x_wconf 77' lang='lat' dir='ltr'>oui</span> <span class='ocrx_word' id='word_1_216' title='bbox 476 4334 636 4414; x_wconf 88' lang='lat' dir='ltr'>presentes</span> <span class='ocrx_word' id='word_1_217' title='bbox 660 4331 792 4396; x_wconf 88' lang='lat' dir='ltr'>aderant</span> <span class='ocrx_word' id='word_1_218' title='bbox 814 4333 875 4399; x_wconf 90' lang='lat' dir='ltr'>hoc</span> <span class='ocrx_word' id='word_1_219' title='bbox 897 4333 1024 4420; x_wconf 83' lang='lat' dir='ltr'>signum</span> <span class='ocrx_word' id='word_1_220' title='bbox 1049 4354 1121 4398; x_wconf 92' lang='lat' dir='ltr'>cum</span> <span class='ocrx_word' id='word_1_221' title='bbox 1145 4333 1292 4398; x_wconf 86' lang='lat' dir='ltr'>viderunt</span> 
     </span>
     <span class='ocr_line' id='line_1_39' title="bbox 393 4432 1289 4507; baseline 0.003 -4"><span class='ocrx_word' id='word_1_222' title='bbox 393 4432 582 4503; x_wconf 82' lang='lat' dir='ltr'>Laudabant</span> <span class='ocrx_word' id='word_1_223' title='bbox 603 4437 696 4507; x_wconf 87' lang='lat' dir='ltr'>deum</span> <span class='ocrx_word' id='word_1_224' title='bbox 719 4438 808 4503; x_wconf 91' lang='lat' dir='ltr'>etin</span> <span class='ocrx_word' id='word_1_225' title='bbox 831 4437 940 4505; x_wconf 89' lang='lat' dir='ltr'>Jesum</span> <span class='ocrx_word' id='word_1_226' title='bbox 964 4439 1057 4505; x_wconf 88' lang='lat' dir='ltr'>multi</span> <span class='ocrx_word' id='word_1_227' title='bbox 1080 4439 1289 4506; x_wconf 81' lang='lat' dir='ltr'>crediderunt</span> 
     </span>
    </p>
   </div>
   <div class='ocr_carea' id='block_1_3' title="bbox 0 0 1504 5125">
    <p class='ocr_par' dir='ltr' id='par_1_3' title="bbox 0 0 1504 5125">
     <span class='ocr_line' id='line_1_40' title="bbox 0 0 1504 5125; baseline 0 1"><span class='ocrx_word' id='word_1_228' title='bbox 0 0 1504 5125; x_wconf 95' lang='lat' dir='ltr'> </span> 
     </span>
    </p>
   </div>
  </div>
 </body>
</html>
