3000 5125
14 1635 17 1646 ·
104 1606 275 1705 Explicit
288 1611 381 1685 liber
395 1612 578 1687 secundus
592 1612 637 1687 de
647 1614 727 1686 vite
741 1601 952 1689 dulcissime
966 1617 1121 1710 virginis
1131 1618 1259 1694 Marie.

106 1727 252 1828 Incipit
278 1734 372 1808 liber
397 1736 533 1809 tertius
562 1736 606 1809 de
634 1737 714 1808 vita
740 1736 905 1811 eiusdem
927 1739 1086 1832 gloriose
1104 1742 1259 1837 virginis

106 1851 232 1928 Marie
257 1858 298 1928 et
324 1856 369 1929 de
389 1856 503 1950 gestis
520 1856 585 1928 filii
605 1858 685 1931 eius
706 1857 848 1930 domini
866 1861 987 1934 nostri
1001 1861 1027 1934 J
1029 1885 1094 1935 esu
1109 1863 1259 1940 Christi.

109 2134 298 2231 Prologus
327 2140 366 2210 in
404 2139 542 2212 librum
575 2142 732 2213 tertium
771 2141 817 2215 de
843 2142 924 2216 vito
951 2143 1106 2238 virginis
1132 2145 1259 2220 Mario.

270 2344 429 2427 Matheus,
451 2345 578 2413 Marcus
600 2353 697 2433 atque
718 2347 829 2429 Lucas,
851 2349 906 2414 isti
927 2353 991 2415 tres
1014 2350 1193 2433 scribentes

272 2450 368 2517 Gesta
390 2449 468 2517 Jesn
490 2457 659 2519 tacuerunt
681 2454 835 2539 quasdam
856 2454 1062 2521 obmittentes

270 2554 416 2623 Virtutes
437 2562 470 2623 et
492 2557 644 2624 miracula
667 2582 728 2644 que
749 2559 814 2625 fuit
836 2564 983 2644 operatus

192 2680 245 2718 (απ
271 2660 347 2727 Pius
370 2660 473 2742 lesus,
496 2663 579 2728 sicut
600 2668 649 2729 est
671 2669 779 2748 aperte
800 2667 995 2748 protestatus

272 2766 367 2833 lniber
389 2768 587 2854 evangelicus
610 2768 768 2834 Johannis
789 2768 932 2850 Zebedei,

270 2873 371 2967 Quem
392 2875 519 2959 scripsit
542 2874 633 2940 annis
655 2874 802 2959 plurimis
824 2879 897 2960 post
919 2880 1054 2941 mortem
1073 2876 1132 2942 filii
1154 2877 1215 2958 dei,

272 2970 360 3045 Siout
381 2979 442 3045 hoc
462 2979 652 3045 miraculum
674 2980 713 3045 de
734 2981 921 3046 resuscitato

271 3083 399 3165 Lazaro,
421 3108 543 3151 necnon
565 3086 604 3151 de
626 3109 710 3171 aqua
730 3087 765 3150 in
787 3088 898 3151 vinum
920 3091 1122 3169 commutato,

193 3206 245 3244 ³⁶³⁰
272 3190 440 3275 Multaque
460 3191 587 3271 similia,
611 3214 672 3275 que
693 3191 813 3275 scripto
835 3196 912 3256 suut
933 3193 1099 3257 commissa

272 3294 303 3361 Α
326 3294 483 3377 Johanne,
505 3298 560 3362 sed
581 3297 712 3363 fuerunt
734 3320 754 3361 a
775 3297 904 3381 reliquis
927 3297 1075 3362 obmissa.

273 3398 334 3466 Sed
356 3401 458 3467 adhuc
479 3389 516 3468 ile
538 3401 616 3469 lesu
639 3403 732 3488 plura
754 3403 873 3486 scripta
895 3402 1077 3486 reperimus,

272 3503 339 3580 Que
360 3528 419 3572 nos
440 3507 476 3571 in
498 3508 670 3594 evangeliis
692 3529 850 3592 nusquam
874 3507 1062 3587 invenimus,

273 3609 362 3675 Sicut
383 3612 463 3677 illud
485 3612 570 3696 quod
593 3613 702 3678 beatus
724 3611 888 3696 scripsisse
909 3612 1133 3697 comprobatur
1172 3602 1174 3605 ⁵

194 3732 247 3770 ⁸⁶³⁶
274 3714 422 3782 Pontifex
444 3718 601 3784 Eusebius
623 3720 657 3783 in
679 3717 762 3784 libro
785 3717 841 3803 qui
863 3722 994 3784 vocatur

274 3820 342 3887 Sic:
364 3823 586 3889 Ecclesiastico
606 3824 741 3889 historia
763 3824 802 3889 de
823 3843 898 3908 rege

272 3923 404 4011 Abgaro
426 3933 503 3995 tunc
524 3930 721 4015 Edyssenam
743 3929 799 4013 qui
819 3928 903 3993 rexit
924 3951 982 3994 sua
1002 3929 1082 4015 lege,

273 4029 452 4114 Epistolam
472 4034 528 4118 qui
550 4034 678 4099 domino
700 4055 759 4118 pro
780 4031 892 4098 morbo
914 4054 972 4097 suo
994 4033 1129 4117 scripsit,

151 4212 155 4219 ι
273 4132 340 4218 Ipsi
362 4159 487 4223 quoque
508 4136 602 4204 lesus
624 4138 772 4204 christus
795 4137 962 4222 epistolam
984 4139 1152 4223 rescripsit.

194 4259 247 4311 ³⁶⁴⁰
273 4237 406 4326 Insuper
427 4245 589 4328 apostolus
611 4243 730 4309 Paulus
751 4242 918 4308 manifeste
954 4274 957 4279 >

271 4346 398 4412 Asserit
419 4348 552 4434 epistola
575 4347 814 4414 Corinthiorum
836 4351 926 4428 teste,

274 4450 364 4528 Quod
386 4452 479 4519 Jesus
501 4455 683 4540 apparuerit
704 4460 777 4538 post
798 4453 1059 4519 resurrectionem
