3000 5125
798 416 843 478 94

401 592 469 656 Aut
492 613 597 656 rerum
621 589 851 654 abundantiam
873 588 924 653 vel
947 587 1065 651 artium
1089 588 1243 665 doctrina,

400 699 500 765 Unde,
515 700 627 762 contra
648 718 782 781 puerum
804 694 915 760 Jesum
937 694 1087 759 exardere

400 803 575 869 Judeorum
597 800 768 885 impiorum
790 799 909 864 invidie
930 821 1049 883 cepere.

321 928 372 966 aen
398 908 534 986 Quidam
555 907 641 973 enim
663 907 764 970 vitam
787 927 878 970 suam
900 904 1066 969 laudantes
1088 903 1363 983 commendabant,

401 1013 536 1091 Quidam
569 1015 676 1076 autem
699 1009 787 1074 facta
808 1032 866 1075 sua
888 1013 1071 1094 spernentes
1094 1008 1366 1086 condemnabant3

399 1118 535 1196 Quidam
558 1117 642 1182 dulci
664 1138 763 1201 puero
786 1114 863 1181 Jesu
885 1114 1105 1194 detrahebant,

399 1222 534 1300 Quidam
557 1228 662 1287 autem
686 1225 873 1287 venerantes
895 1220 980 1285 hunc
1002 1220 1246 1299 benedicebant3

280 1385 282 1394 .
398 1328 533 1406 Quidam
556 1329 606 1394 dei
627 1328 731 1392 filium
754 1326 839 1392 huuc
861 1348 928 1391 esse
946 1326 1161 1402 testabantur,

320 1455 371 1492 2⁶⁶⁶
398 1434 533 1511 Quidam
554 1434 773 1500 demoniacum
794 1432 879 1497 hunc
901 1432 970 1510 fore
991 1430 1196 1506 fatebantnr3

397 1540 533 1617 Quidam
555 1540 640 1605 hunc
662 1539 812 1625 angelum
834 1537 885 1602 vel
907 1538 1056 1622 spiritum
1079 1536 1236 1614 dicebant,

395 1645 531 1723 Quidam
552 1645 637 1710 hunc
659 1646 890 1709 incantatorem
912 1642 964 1707 vel
985 1663 1117 1727 magum
1139 1643 1329 1707 asserebant.

395 1750 490 1815 Hunc
512 1751 546 1814 in
568 1749 697 1835 Egypto
720 1750 878 1835 magicam
900 1752 1002 1814 artem
1025 1747 1170 1813 didicisse

394 1856 553 1921 Dixerunt
574 1855 713 1940 quidam,
736 1855 791 1919 alii
814 1854 853 1919 de
873 1853 947 1919 celis
969 1853 1055 1917 hunc
1077 1853 1209 1918 venisse.

317 1982 368 2020 areo
395 1960 489 2026 lesus
511 1983 589 2044 puer
611 1960 758 2024 subditus
780 1962 849 2024 erat
870 1980 926 2024 sue
948 1957 1046 2023 matri
1173 2046 1175 2050 .

397 2066 504 2151 Atqm
526 2070 635 2131 sancto
658 2064 779 2149 Joseph
802 2087 859 2130 sno
881 2064 1027 2149 putativo
1048 2064 1144 2148 patri.
1175 2117 1180 2124 .

394 2169 476 2253 lpsis
499 2170 581 2235 sicut
603 2169 709 2254 potuit
730 2168 868 2233 libenter
890 2169 1058 2249 serviebat,

393 2275 437 2339 Et
459 2276 504 2339 eis
527 2273 733 2339 amminicula
755 2294 817 2357 que
838 2274 940 2338 valuit
961 2274 1124 2358 prebebat.

393 2590 496 2676 Quod
517 2593 627 2666 Jesus
654 2594 803 2685 collegit
832 2592 947 2665 matri
974 2615 1040 2664 sue
1070 2593 1215 2665 herbas.

392 2800 573 2885 Aliquando
596 2823 673 2884 puer
694 2800 788 2866 Jesus
811 2802 851 2866 ad
873 2822 1000 2885 campos
1023 2801 1211 2867 mittebatur

315 2924 366 2962 2⁶⁶⁵
393 2905 424 2971 A
445 2910 558 2983 matre,
581 2906 664 2990 quod
687 2907 852 2991 colligeret
874 2907 949 2971 huic
970 2907 1085 2971 herbas
1108 2905 1293 2991 rogabatur.

390 3011 500 3076 Dulcis
521 3032 601 3093 puer
623 3011 707 3076 dulci
729 3012 826 3076 matri
848 3012 984 3078 libenter
1005 3013 1155 3091 obedivit,

391 3114 617 3199 Accipiensque
639 3116 816 3200 sportulam
838 3116 879 3180 ad
901 3137 995 3201 agros
1017 3118 1102 3183 solus
1125 3115 1204 3197 ivit,

388 3220 432 3285 Et
453 3220 639 3284 mandatum
660 3221 774 3285 matris
796 3243 852 3285 sue
874 3220 1010 3286 fideliter
1032 3225 1165 3309 peregit,

388 3326 436 3390 Ac
457 3325 573 3390 herbas
596 3327 787 3391 necessarias
812 3348 848 3390 ac
870 3327 956 3392 olera
977 3327 1115 3412 collegit.

312 3449 363 3485 ean
390 3430 524 3508 Accidit,
547 3433 585 3494 ut
607 3430 657 3494 die
680 3431 816 3515 quadam
840 3430 955 3496 herbas
978 3436 1155 3516 reportaret

387 3535 431 3599 Et
453 3535 492 3599 ad
515 3557 628 3598 manus
651 3537 763 3599 matris
787 3559 843 3601 sue
862 3537 964 3601 Marie
985 3541 1191 3622 presentaret,
1245 3538 1248 3543 ’

386 3639 472 3716 Quas
493 3641 527 3706 in
551 3641 638 3706 cibos
660 3642 730 3725 ipsa
751 3646 854 3711 mater
874 3664 946 3706 cum
968 3642 1059 3715 vellit
1080 3663 1249 3727 preparare

387 3742 506 3829 Sapore
528 3746 622 3810 nimis
645 3747 775 3811 horrido
798 3747 881 3813 facte
903 3754 978 3814 sunt
1001 3771 1116 3814 amare.

386 3848 456 3913 Hoc
478 3871 497 3912 a
520 3855 621 3914 matre
643 3873 701 3915 sua
723 3872 802 3935 puer
824 3850 917 3916 Jesus
940 3856 977 3917 ut
999 3854 1121 3919 audivit

310 3973 361 4010 2⁶⁷⁶
388 3953 547 4019 Modicam
569 3955 742 4020 farinulam
764 3957 798 4020 in
820 3957 948 4022 vasculo
971 3959 1132 4039 contrivit,

387 4059 431 4122 Et
453 4060 486 4122 in
509 4059 605 4123 ollam
628 4061 661 4123 in
684 4083 747 4145 qua
769 4061 832 4125 fuit
853 4062 1051 4145 pulmentum
1071 4065 1132 4129 hoc
1146 4063 1288 4142 immisit,

386 4162 476 4238 Quod
499 4184 573 4226 mox
596 4164 839 4231 amaritudinem
862 4167 1006 4232 totaliter
1029 4169 1136 4233 amisit

380 4269 424 4333 Et
446 4268 566 4331 factum
588 4274 636 4334 est
658 4270 876 4336 dulcissimum
898 4294 934 4336 ac
957 4273 1048 4337 valde
1070 4296 1263 4359 saporosum.

383 4372 435 4438 Sic
457 4395 490 4438 se
512 4396 590 4457 puer
612 4377 709 4439 matri
731 4399 787 4442 sue
809 4378 885 4442 fecit
907 4400 1097 4444 amorosum.
1171 4454 1174 4457 ,

304 4498 355 4538 arao
383 4479 453 4544 Hoc
474 4477 559 4544 idem
583 4480 745 4564 sepissime
768 4481 843 4546 fecit
864 4504 943 4568 puer
965 4481 1069 4564 Jesur,
