3000 5125
661 398 703 475 79

227 608 231 614 ·
261 580 490 649 Concurrentes
515 586 652 670 undique
674 586 807 651 veniunt
829 584 869 649 ad
892 584 987 664 viam,

262 691 441 755 Adorantes
464 712 598 775 puerum
620 689 731 756 Jesum
753 695 787 755 et
809 690 946 756 Mariam

177 812 235 850 21⁹⁰
262 793 479 860 Subsecuntur
502 801 534 860 et
556 797 738 879 precedunt,
762 819 834 860 eum
856 797 934 880 ipsis
957 798 1157 863 ambulantes

226 985 230 992 ι
260 901 317 966 Eis
340 902 431 986 quasi
454 903 599 967 semitam
621 904 768 988 ignotam
791 904 1055 968 demonstrantes.

439 1137 493 1212 De
520 1138 648 1236 palma
670 1140 711 1212 et
738 1138 783 1212 de
810 1140 926 1212 fonte.

260 1320 321 1385 Die
343 1321 479 1405 quadam
503 1342 541 1386 ax
562 1320 668 1386 calore
690 1320 767 1385 solis
789 1322 971 1400 estuabant,

259 1425 325 1512 Ipsi
348 1447 499 1513 magnam
519 1431 554 1492 et
573 1427 718 1491 iumenta
740 1427 828 1491 sitim
850 1427 1040 1492 tolerabant.

260 1531 355 1617 Aqua
376 1532 440 1597 iam
463 1531 621 1597 defeoarat
642 1533 676 1596 in
699 1532 784 1596 vasis
806 1554 903 1617 quam
925 1534 1079 1611 tulerunt,

177 1657 233 1693 21⁰⁶
261 1638 325 1702 Diu
347 1639 469 1706 fontem
491 1638 686 1722 inquirentes
709 1636 830 1702 nullam
853 1638 1052 1702 invenerunt.

131 1765 136 1774 ·
263 1743 314 1807 Ad
336 1743 515 1826 palmarum
538 1741 685 1806 arborem
707 1742 837 1806 tandem
859 1742 1029 1812 veniebant

262 1847 328 1913 Sub
349 1870 414 1933 qua
436 1847 574 1911 multum
595 1846 739 1912 sitientes
761 1846 899 1931 fessique
920 1848 1083 1913 sedebant.

263 1952 346 2018 Puer
368 1951 462 2018 Jesus
485 1952 587 2037 digito
609 1956 728 2016 terram
749 1951 832 2016 fodit
855 1974 979 2036 parum,

260 2056 375 2123 Statim
398 2058 432 2121 in
453 2057 561 2121 eodem
584 2056 654 2121 loeo
677 2056 784 2140 erupit
805 2056 878 2121 fons
901 2079 1066 2142 aquarum,

179 2183 233 2220 2²0⁰
261 2162 354 2229 Unde
373 2161 481 2228 cuncti
504 2183 593 2226 suam
616 2160 704 2226 sitim
725 2165 869 2226 recreant
890 2161 1036 2242 letantes,

260 2270 369 2334 Etiam
390 2268 541 2332 iumentis
563 2266 629 2331 suis
652 2270 764 2351 potum
785 2267 1014 2333 ministrantes.

262 2375 339 2438 Alta
360 2374 423 2438 fuit
446 2373 542 2438 arbor
564 2373 642 2437 satis
665 2373 724 2437 sub
747 2395 844 2457 quam
867 2374 1057 2453 residebant,

259 2478 295 2544 In
319 2480 409 2545 euius
430 2480 594 2544 eaoumine
615 2478 738 2544 fruetus
762 2480 991 2565 dependebant.

259 2586 321 2652 Sed
343 2607 413 2651 curn
437 2591 539 2651 mater
560 2587 652 2670 puari
673 2585 813 2652 fructum
836 2587 921 2651 huno
943 2586 1093 2670 respexit,

180 2712 234 2749 θεοῦ
261 2691 460 2775 Concupivit,
483 2691 604 2755 nemini
626 2694 733 2755 tamen
757 2690 818 2756 hoe
840 2691 969 2756 detexit.

259 2796 342 2862 Puer
363 2796 457 2863 Jesus
479 2796 591 2861 matris
613 2818 669 2861 sue
690 2815 882 2882 cognoscens
904 2798 970 2861 iam
992 2796 1140 2862 affectum

219 2918 224 2935 ¹
258 2902 333 2968 Non
356 2904 486 2968 sufferre
508 2903 614 2986 potuit
635 2902 736 2986 ipsius
759 2903 925 2967 delectum.

262 3007 307 3073 Ut
329 3030 402 3073 suos
425 3029 530 3072 ramos
553 3008 694 3072 flecteret
716 3007 885 3092 imperavit
907 3007 1022 3092 palme,

259 3112 306 3178 Ut
328 3136 421 3178 suum
442 3114 578 3177 fructum
605 3112 752 3176 manibus
775 3113 902 3178 offerret
924 3113 1037 3178 matris
1060 3114 1152 3178 alme.

181 3237 233 3274 2210
260 3217 300 3283 Se
322 3218 424 3284 Marie
448 3219 570 3303 gremio
590 3239 666 3282 mox
688 3218 784 3282 arbor
806 3218 983 3298 inclinavit,

260 3320 310 3386 Ad
334 3324 510 3388 tollendum
533 3323 656 3387 fructus
679 3345 753 3387 suos
776 3345 809 3387 se
830 3323 937 3408 palma
958 3326 1162 3408 presentavit.

259 3428 386 3512 Carpsit
408 3431 547 3493 fructum
569 3427 664 3492 Jesus
687 3433 789 3492 mater
811 3451 882 3493 oum
902 3430 972 3514 ipsa
993 3431 1190 3515 colligentes,

259 3533 462 3597 Mirabantur
484 3535 580 3598 ceteri
601 3533 721 3597 faotum
744 3535 928 3614 nescientes,

261 3640 398 3703 Etcum
421 3661 540 3725 magno
562 3640 680 3725 gaudio
703 3640 809 3704 cunoti
832 3641 1044 3705 comederunt.

181 3764 232 3800 nn
263 3744 389 3810 Partem
412 3768 473 3830 que
495 3745 652 3829 superfuit
674 3747 714 3810 ad
737 3747 821 3810 viam
844 3752 1058 3811 servaverunt.

259 3851 409 3916 Sanctum
433 3853 492 3917 hoo
514 3853 684 3937 collegium
706 3857 909 3936 pernoctem
933 3854 977 3916 ibi
1002 3853 1095 3931 sedit,

259 3957 342 4022 Nam
367 3959 485 4023 victum
509 3963 541 4023 et
563 3959 737 4043 hospitium
760 3958 856 4022 arbor
877 3959 922 4022 eis
944 3958 1040 4023 dedit.

329 4134 433 4256 Quod
463 4172 619 4268 angelus
647 4173 781 4246 attulit
809 4173 862 4246 eis
889 4194 1016 4267 panes.

255 4380 333 4446 Oum
356 4380 431 4448 item
456 4383 517 4448 iter
539 4387 671 4468 agerent
692 4387 724 4447 et
746 4404 844 4467 panes
865 4379 1064 4459 deiecissent,

256 4486 323 4553 Nec-
346 4487 532 4553 alimentum
554 4489 694 4573 corporis
717 4488 819 4552 ullum
841 4487 1038 4567 habuissent,
