3000 5125
374 639 478 729 Quen
504 642 617 719 Jesus
645 647 823 742 apparuit
848 646 987 742 Jeseph
1015 646 1053 719 in
1081 665 1242 720 earcere.

386 850 507 937 Joseph
524 875 656 939 ‚quoque
677 852 858 920 elauaerant
878 854 912 920 in
933 877 1059 921 earcere
1080 855 1187 937 Judei,

386 957 477 1034 Quod
498 956 611 1024 Jesum
632 960 810 1045 sepelierat„
832 961 1095 1048 improperabant
1111 963 1155 1027 ei.

387 1063 470 1128 Huic
492 1067 524 1129 et
546 1064 696 1149 apparuit
717 1064 903 1132 eonfortans
923 1064 1018 1132 Jesrr
1041 1089 1123 1148 eum,

309 1188 361 1226 ⁶1⁴⁶
386 1167 505 1234 Vivum
527 1168 597 1235 fore
619 1192 653 1235 se
674 1171 896 1237 demonstrans
918 1171 1079 1239 hominem
1101 1177 1134 1238 et
1154 1173 1260 1239 deum.

237 1470 341 1558 Quod
370 1473 544 1547 mulieres
571 1472 843 1547 nuntiaverunt
880 1470 1060 1567 apostulis
1095 1470 1287 1544 dominum
1324 1492 1377 1543 re·

697 1594 912 1669 surrexisse.

305 1893 308 1902 .
389 1801 480 1867 'l'nne
502 1803 542 1868 ad
564 1785 746 1868 Jobannenr
768 1806 865 1887 atque
886 1800 1017 1868 Petrum
1043 1803 1148 1888 primo
1165 1804 1362 1889 *properabat

388 1906 588 1993 Magdalena‚
611 1908 775 1972 dominnm
797 1907 958 1972 sublatum
981 1909 1162 1989 nuntiabat,

392 2012 444 2077 Ad
466 2013 573 2078 fideles
595 2012 734 2098 reliquas
757 2012 819 2079 a'lie
841 2017 997 2079 venerunt

390 2116 550 2196 Mulieres,
564 2117 736 2183 dominum
759 2116 922 2184 sublatum
943 2123 1162 2185 narraverunt.

233 2433 339 2521 Quod
359 2434 495 2508 Petrus
521 2437 562 2507 et
578 2433 772 2507 «Iohannes
793 2436 981 2507 venerunt
1007 2432 1055 2506 ad
1082 2438 1382 2508 monumentum.
1477 2511 1479 2524 ἲ

314 2667 366 2704 01⁶⁰
392 2645 508 2713 Petrus
529 2650 637 2712 autem
658 2649 692 2710 et
712 2642 879 2711 Jnhannes
899 2645 1023 2711 eoneite
1044 2650 1208 2712 currentes

391 2753 443 2818 Ad
464 2755 705 2817 monumentum
728 2751 873 2831 veniunt,
896 2754 929 2815 et
950 2749 1011 2815 hoe
1033 2750 1231 2816 invenientes

391 2857 557 2942 Apertum,
580 2859 686 2920 tarnen
709 2854 835 2940 ingredi
858 2855 968 2922 statim
990 2876 1055 2920 non
1077 2855 1246 2935 audebant,

390 2961 451 3027 Sed
473 2959 645 3046 stupefacti
666 2961 744 3025 foris
768 2964 889 3025 stantes
911 2959 1183 3044 introspiciebant.

391 3066 505 3132 Petrus
526 3065 628 3130 intrat
649 3068 681 3129 et
697 3063 879 3129 Johannem
900 3064 1021 3128 intrare
1044 3066 1274 3146 commonebat,

314 3191 367 3229 σιω
392 3170 559 3249 Quesitum
580 3191 694 3254 eorpus
717 3168 838 3235 donini
860 3191 923 3235 uon
946 3169 1139 3236 inveniebat
1305 3166 1308 3169 ’

391 3274 532 3341 Tantum
552 3274 739 3340 linteamina
761 3275 866 3359 posita
888 3275 1039 3340 viderunt

392 3381 437 3446 Et
458 3380 573 3465 eapitis
590 3379 768 3459 sudarium,
791 3379 953 3445 sublatum
973 3379 1177 3446 erediderunt

391 3485 575 3565 Dominum,
593 3489 631 3551 et
652 3489 802 3551 exeuntes
822 3485 864 3550 ad
884 3506 920 3551 se
941 3485 1192 3566 revertebantur,

392 3591 484 3669 Quod
506 3592 622 3676 aliquis
644 3591 814 3657 abstulerit
834 3589 920 3657 brine
943 3591 1196 3675 suspicabantur.

237 3912 343 4000 Quod
380 3911 554 3986 dominus
588 3910 764 4009 apparuit
790 3909 909 3987 Marie
935 3909 1156 4008 Magdalene
1187 3910 1228 3984 in
1262 3910 1386 3987 horto.

314 4143 366 4180 ⁶1⁶⁰
394 4121 456 4190 Sed
477 4120 670 4209 Magdalena
691 4121 787 4190 rediit
809 4124 849 4189 ad
870 4127 1111 4189 monumentum
1133 4119 1273 4207 plorans,

393 4226 475 4304 Quid
497 4229 536 4293 de
557 4249 616 4294 sno
638 4229 766 4296 domino
788 4228 909 4295 fantum
930 4229 974 4294 sit
995 4229 1159 4315 ignorans,

393 4331 438 4398 Et
459 4356 531 4399 cum
553 4333 641 4400 foras
662 4337 904 4401 munumentum
922 4334 1075 4400 veinlnndn
1097 4336 1207 4415 staret,

393 4436 502 4529 Atque
524 4461 639 4526 eorpus
660 4441 781 4505 domini
803 4438 963 4504 sublatum
987 4439 1176 4524 deploraret,
