3000 5125
654 382 716 447 251
840 332 848 344 ⁸

265 550 381 619 Omnia
403 577 464 640 qne
476 520 571 620 ⁴faeta
592 560 667 620 sunt
688 556 766 641 ipsis
790 556 935 623 recitavit

188 675 239 715 ⁷⁴⁶⁶
268 658 311 723 Et
333 660 473 748 corporis
496 661 743 744 assumptionem
766 661 867 727 Maria
889 664 1059 729 nuntiavit.

267 762 348 848 lpsis
371 787 497 850 quoque
519 767 748 831 demonstravit
771 767 940 833 demissum
962 769 1023 834 sibi
1046 769 1161 849 velum,

267 868 469 936 Translatum
492 894 605 956 corpus
627 873 762 958 virginis
785 896 925 939 asserens
948 876 982 939 in
1005 875 1115 940 celum.

267 974 413 1059 Apostoli
434 978 542 1043 mirati
564 982 648 1059 sunt,
672 978 732 1044 hoe
755 980 875 1044 factum
898 979 1070 1060 audientes,

266 1078 381 1146 Velum
403 1105 466 1167 quo
488 1084 651 1167 procincta
671 1083 736 1149 fuit
759 1085 850 1170 virgo
873 1090 1106 1170 cognoscentes,

62 1178 67 1186 ’
188 1204 239 1240 ⁷4⁷⁰
267 1185 310 1251 Et
333 1189 508 1272 aperientes
531 1190 689 1254 tumulum
711 1189 793 1253 nihil
815 1174 1013 1271 invenerunt,

265 1290 336 1357 Nisi
357 1316 475 1359 manna
496 1295 636 1379 positum
657 1296 691 1360 in
713 1295 817 1361 medio
839 1296 996 1375 viderunt,

266 1395 455 1464 Clauserunt
477 1421 553 1485 ergo
575 1400 744 1481 tumulum,
767 1398 878 1466 Jesum
900 1401 1163 1482 commendantes,

266 1503 311 1567 Et
333 1502 551 1580 Mariamatri
573 1528 629 1572 sue
650 1507 760 1573 laudes
783 1507 996 1585 decantantes,

267 1606 416 1690 Scientes,
442 1612 526 1696 quod
548 1614 615 1677 tam
638 1634 768 1696 corpore
791 1634 887 1696 quam
910 1611 1016 1676 anima
1037 1611 1194 1676 translata
1245 1632 1247 1638 ’

189 1730 240 1769 7777
267 1711 361 1778 Esset
383 1718 415 1779 et
437 1715 471 1779 in
493 1715 597 1800 gloria
619 1715 678 1780 filii
699 1715 812 1781 locata.

267 1816 344 1882 Post
366 1819 427 1885 hoc
448 1824 575 1885 sanctus
597 1820 729 1905 spiritus
752 1820 921 1905 discipulos
945 1821 1071 1901 levavit,

267 1920 319 1988 Ad
341 1927 469 2005 terram,
492 1925 531 1991 de
553 1947 616 2010 qua
637 1931 775 2006 venerat,
800 1925 973 2011 quemlibet
995 1926 1145 2010 portarit.

264 2239 318 2312 De
346 2237 500 2314 diversis
528 2225 615 2313 celis
642 2261 735 2333 quos
763 2240 942 2314 transivit
969 2240 1100 2313 Maria.

271 2445 429 2512 Traducta
452 2452 529 2513 tnnc
552 2449 592 2513 ab
615 2448 737 2533 angelis
760 2449 794 2511 in
817 2449 899 2514 celos
920 2455 968 2515 est
991 2452 1095 2516 Maria

269 2551 347 2617 (lum
371 2552 612 2619 iubilationibus
636 2557 668 2618 et
691 2553 775 2618 dulei
798 2553 996 2638 symphonia.

192 2676 243 2713 ⁷4⁸⁰
271 2657 378 2723 Primo
402 2683 476 2724 nam
499 2682 624 2724 aereum
648 2660 750 2724 celum
772 2661 960 2744 penetrarit,

270 2762 379 2831 telum
400 2766 476 2831 hinc
498 2765 659 2831 ethereum
682 2765 827 2830 exultans
850 2767 1070 2832 transvolavit.

270 2870 346 2936 Post
368 2871 429 2936 hoc
450 2872 490 2935 ad
512 2873 668 2936 sidereum
688 2872 791 2936 celum
813 2871 985 2951 ferebatur,

270 2975 335 3042 Ubi
358 3000 414 3062 per
436 2978 519 3044 hanc
541 2979 704 3043 obscurari
724 2978 781 3041 lux
804 2977 878 3042 solis
901 2978 1078 3057 uidebatur,

270 3082 353 3159 Quia
375 3084 451 3148 solis
474 3088 569 3169 atque
590 3085 666 3148 lune
688 3083 886 3167 splendorem
908 3083 1097 3167 precellebat

194 3207 245 3245 uss
273 3187 427 3272 Splendor
450 3211 564 3275 magne
587 3189 752 3266 claritatis,
775 3187 878 3253 Maria
901 3211 996 3272 quam
1019 3188 1166 3253 habebat.

272 3292 464 3360 Cunctorum
488 3318 612 3380 qnoque
634 3295 835 3379 planetarum
856 3295 972 3360 lumen·
988 3293 1182 3371 obfuscabat,

271 3402 332 3466 Pre
354 3403 474 3466 cunctis
497 3425 571 3466 nam
593 3401 747 3466 sideribus
770 3400 873 3465 Maria
894 3401 1048 3477 radiabat,

271 3508 316 3573 Et
338 3510 436 3573 totius
460 3508 652 3573 firmamenti
674 3508 837 3573 stellarum
860 3508 1037 3571 claritatem

274 3611 470 3678 Obfuscabat
491 3611 595 3677 Maria
617 3635 673 3697 per
695 3635 785 3677 suam
809 3612 988 3695 puritatem.

259 3929 363 4015 Quod
390 3928 512 4001 Maria
538 3927 643 4001 venit
669 3927 717 3999 ad
744 3927 866 4000 celum
895 3948 1123 4023 empyreum.

198 4161 249 4197 ⁷⁴⁹⁰
275 4140 384 4205 Oelum
406 4140 482 4204 binc
505 4161 687 4224 empyreum
711 4137 851 4201 ascendit
871 4140 974 4200 mater
997 4135 1055 4213 dei,

253 4301 257 4307 .
276 4244 339 4310 Ubi
362 4244 471 4309 multis
488 4243 640 4308 laudibus
663 4245 869 4307 occurrerunt
890 4243 928 4318 ei,

275 4349 486 4433 Suscipientes
509 4371 578 4414 eam
601 4349 690 4412 chori
711 4369 824 4411 novem
849 4347 1044 4432 angelorum,

276 4456 323 4520 Ac
345 4454 483 4519 universi
505 4452 637 4539 spiritns
660 4457 692 4517 et
714 4452 839 4517 ordines
862 4455 1055 4517 sanctorum.
