3000 5125
704 455 766 523 105

232 651 288 690 ³⁰²⁰
315 631 375 709 Qui
398 632 545 700 dicebant
567 634 606 699 ad
629 656 716 699 eum:
738 634 789 699 dic
811 631 906 698 nobis
924 629 1004 717 ‚quid
1027 630 1161 697 fecisti?

314 737 396 815 Quid
417 727 487 804 cum
510 738 562 804 his
583 740 728 805 leonibus
750 761 787 805 ac
809 739 919 805 bestiis
944 736 1050 821 egisti,

314 843 418 921 Quare
441 847 473 909 te
495 844 642 929 periculis
664 846 784 910 talibus
806 846 992 924 committis,

314 949 358 1017 Et
379 953 411 1016 te
433 950 629 1016 vanitatibus
651 951 750 1017 tantis
772 951 986 1016 intromittis?

314 1056 427 1122 Artem
447 1055 542 1121 istam
564 1056 722 1142 magicam
745 1056 800 1120 ubi
821 1055 969 1136 didicisti,

234 1181 286 1219 ³02⁶
314 1162 404 1239 Quod
424 1162 527 1227 brutis
550 1167 582 1227 et
603 1161 761 1228 ferocibus
783 1165 816 1228 te
838 1161 913 1226 feris
935 1159 1100 1240 miscuisti,

313 1267 376 1331 Ars
398 1266 455 1331 illa
478 1264 674 1331 detestabilis
696 1288 807 1331 revera
829 1270 861 1331 te
883 1265 1020 1344 seducet,

313 1372 449 1457 Tibique
470 1372 645 1458 periculum
668 1372 843 1437 maximum
865 1370 1013 1443 inducetz

231 1511 234 1516 ·
311 1466 476 1544 Narntali
501 1477 565 1542 vita
587 1499 751 1562 nunquam
773 1477 894 1542 bonum
917 1475 1014 1540 finem
1035 1472 1189 1553 sortieris,

310 1582 418 1668 Atque
439 1581 614 1647 miserabili
636 1586 739 1647 morte
761 1582 916 1646 morieris.

232 1709 285 1747 ³⁰³0
311 1686 405 1755 Jesus
428 1689 489 1753 ait:
515 1688 615 1753 bestie
635 1688 787 1771 maiorem
812 1687 1010 1752 intellectum

310 1794 440 1859 Habent
450 1794 511 1858 iste
522 1815 618 1878 quam
632 1815 687 1857 vos
700 1815 809 1858 omnes
821 1797 854 1858 et
869 1779 996 1857 sensum
1007 1812 1160 1876 magnum
1173 1795 1309 1869 rectum,

308 1899 388 1976 Quia
411 1900 520 1964 statim
543 1921 614 1964 cum
637 1900 792 1965 venissem
815 1899 854 1964 ad
878 1897 936 1962 has
959 1899 1223 1982 recognoverunt,

309 2004 362 2070 Me
383 2006 454 2090 quis
477 2028 575 2076 essem
598 2006 767 2070 adorantes
789 2008 822 2070 et
843 2005 1057 2071 exhibuerunt

310 2110 390 2175 Mihi
414 2112 622 2176 reverentiam
645 2117 677 2177 et
699 2112 842 2177 debitum
864 2112 1019 2177 honorem

232 2235 283 2272 ³⁰³⁶
310 2214 510 2300 Deponentes
533 2216 711 2281 naturalem
733 2237 840 2280 coram
865 2238 914 2280 me
937 2214 1088 2279 furorem.

308 2318 398 2385 Tunc
420 2320 515 2386 Judei
537 2325 772 2406 responsorum,
795 2320 949 2405 numquid
975 2323 1006 2384 te
1030 2317 1200 2395 nescimus,

309 2425 387 2502 Quis
408 2428 445 2488 tu
467 2425 509 2489 sis
532 2428 564 2490 et
585 2425 669 2490 unde
691 2426 743 2505 sis,
767 2424 825 2490 hec
847 2426 958 2509 utique
982 2445 1043 2488 nos
1065 2421 1199 2496 scimus;

307 2528 471 2614 Numquid
494 2533 585 2614 pater
606 2533 681 2594 tuus
704 2531 752 2595 est
773 2527 893 2614 Joseplr
917 2525 1117 2605 bethlemita‚

309 2635 371 2713 Qui
393 2636 482 2703 faber
503 2638 551 2699 est
572 2634 753 2720 lignarius?
777 2639 808 2699 et
829 2635 856 2699 si
878 2639 936 2700 tua
959 2634 1028 2698 vita

229 2761 282 2798 ³⁰⁴0
310 2740 397 2805 Talis
420 2746 511 2819 esset,
534 2741 638 2824 qualis
662 2741 737 2820 eius,
762 2762 931 2825 cumpace
953 2737 1168 2825 pertransires

309 2846 383 2912 Dies
405 2850 487 2923 tuos,
511 2847 594 2932 quod
617 2869 681 2911 non
704 2848 749 2912 sic
771 2847 939 2912 crudeliter
961 2845 1092 2932 perires.

308 2949 401 3016 Jesus
423 2952 469 3015 ait
490 2974 554 3016 non
577 2973 643 3035 pro.
658 2975 709 3016 me
730 2951 859 3017 solliciti
882 2974 938 3016 vos
958 2951 1039 3029 sitis,

308 3056 389 3133 Quia
406 3058 488 3142 'quid
510 3057 654 3121 futurum
676 3057 719 3121 sit
741 3057 831 3122 vobis
855 3080 909 3122 vos
932 3056 1069 3122 nescitis
1291 3122 1294 3126 ,

307 3161 384 3227 Post
405 3163 464 3226 hec
486 3163 583 3226 verba
605 3159 698 3228 Jesus
720 3184 799 3246 puer
821 3163 860 3230 ad
883 3163 1012 3230 domum
1034 3183 1091 3229 sue
1112 3159 1232 3224 matris
1310 3166 1313 3172 '

229 3286 283 3324 ³04⁶
310 3266 417 3332 Rediit
440 3289 476 3332 ac
498 3267 637 3352 putativi
659 3266 780 3354 Joseph
803 3264 852 3336 eni
874 3267 984 3358 petris.

554 3587 608 3661 De
634 3589 763 3661 tunica
790 3589 893 3663 Jesu.

283 3786 409 3863 'Mater
431 3797 508 3862 Jesu
530 3797 649 3863 fecerat
671 3821 765 3883 opere
787 3800 892 3864 textili

305 3903 469 3979 Tunicam,
494 3925 590 3989 quam
612 3906 716 3969 texuit
738 3909 807 3981 arte
829 3908 896 3969 tam
918 3904 1040 3985 subtili,

305 4008 395 4085 Quod
417 4009 450 4072 in
473 4012 542 4073 tota
564 4009 674 4074 tunica
695 4011 786 4075 nulla
807 4015 980 4076 consutura

304 4113 390 4194 Fuit,
414 4116 467 4179 sed
490 4116 524 4179 in
547 4117 710 4182 sarciendo
733 4117 832 4182 fiebat
855 4140 912 4183 nec
934 4118 1080 4184 scissura.

228 4238 281 4275 ³⁰⁶⁰
308 4220 387 4285 Cum
410 4220 513 4285 adhuc
535 4221 713 4286 infantulus
736 4226 827 4302 esset,
851 4223 1001 4308 adaptata

305 4324 394 4390 Tunc
415 4325 480 4390 fuit
501 4326 564 4391 ista
586 4327 695 4392 tunica
717 4327 858 4414 Jesuqne
880 4333 1001 4413 parata.
1063 4374 1069 4386 ι

305 4428 384 4494 Cum
405 4429 473 4514 ipse
495 4429 589 4497 Jesus
611 4438 765 4498 cresceret
787 4434 896 4499 tunica
918 4436 1087 4514 crescebat,

303 4535 481 4604 Secundum
503 4542 623 4605 statum
646 4540 787 4624 corporis
810 4563 843 4607 se
864 4563 987 4626 semper
1010 4540 1209 4607 extendebat.
