<?xml version="1.0" encoding="UTF-8"?>
<!DOCTYPE html PUBLIC "-//W3C//DTD XHTML 1.0 Transitional//EN"
    "http://www.w3.org/TR/xhtml1/DTD/xhtml1-transitional.dtd">
<html xmlns="http://www.w3.org/1999/xhtml" xml:lang="en" lang="en">
 <head>
  <title>
</title>
<meta http-equiv="Content-Type" content="text/html;charset=utf-8" />
  <meta name='ocr-system' content='tesseract 3.04.00' />
  <meta name='ocr-capabilities' content='ocr_page ocr_carea ocr_par ocr_line ocrx_word'/>
</head>
<body>
  <div class='ocr_page' id='page_1' title='image "./vitabeatevirgin02vggoog_0256.png"; bbox 0 0 3000 5125; ppageno 0'>
   <div class='ocr_carea' id='block_1_1' title="bbox 813 381 879 446">
    <p class='ocr_par' dir='ltr' id='par_1_1' title="bbox 813 381 879 446">
     <span class='ocr_line' id='line_1_1' title="bbox 813 381 879 446; baseline 0 0"><span class='ocrx_word' id='word_1_1' title='bbox 813 381 879 446; x_wconf 72' lang='lat'>244</span> 
     </span>
    </p>
   </div>
   <div class='ocr_carea' id='block_1_2' title="bbox 268 553 1338 4413">
    <p class='ocr_par' dir='ltr' id='par_1_2' title="bbox 425 553 1270 958">
     <span class='ocr_line' id='line_1_2' title="bbox 427 553 1208 641; baseline -0.004 -21"><span class='ocrx_word' id='word_1_2' title='bbox 427 554 474 620; x_wconf 83' lang='lat'>»0</span> <span class='ocrx_word' id='word_1_3' title='bbox 496 557 588 641; x_wconf 88' lang='lat' dir='ltr'>virgo</span> <span class='ocrx_word' id='word_1_4' title='bbox 610 555 660 622; x_wconf 88' lang='lat' dir='ltr'>dei</span> <span class='ocrx_word' id='word_1_5' title='bbox 683 555 835 639; x_wconf 75' lang='lat' dir='ltr'>genitrix,</span> <span class='ocrx_word' id='word_1_6' title='bbox 857 576 878 619; x_wconf 93' lang='lat' dir='ltr'>o</span> <span class='ocrx_word' id='word_1_7' title='bbox 900 557 1004 620; x_wconf 88' lang='lat' dir='ltr'>mater</span> <span class='ocrx_word' id='word_1_8' title='bbox 1021 553 1208 632; x_wconf 87' lang='lat' dir='ltr'>veneranda,</span> 
     </span>
     <span class='ocr_line' id='line_1_3' title="bbox 426 658 1270 744; baseline -0.006 -18"><span class='ocrx_word' id='word_1_9' title='bbox 426 660 453 726; x_wconf 92' lang='grc' dir='ltr'><strong>Ο</strong></span> <span class='ocrx_word' id='word_1_10' title='bbox 475 662 597 728; x_wconf 85' lang='lat' dir='ltr'>intacta</span> <span class='ocrx_word' id='word_1_11' title='bbox 618 660 738 728; x_wconf 80' lang='lat' dir='ltr'>Christi</span> <span class='ocrx_word' id='word_1_12' title='bbox 761 682 884 744; x_wconf 89' lang='lat' dir='ltr'>parens,</span> <span class='ocrx_word' id='word_1_13' title='bbox 908 683 929 726; x_wconf 93' lang='grc'>0</span> <span class='ocrx_word' id='word_1_14' title='bbox 951 660 1080 726; x_wconf 89' lang='lat' dir='ltr'>domina</span> <span class='ocrx_word' id='word_1_15' title='bbox 1102 658 1270 736; x_wconf 90' lang='lat' dir='ltr'>laudanda,</span> 
     </span>
     <span class='ocr_line' id='line_1_4' title="bbox 425 765 1242 850; baseline -0.004 -19"><span class='ocrx_word' id='word_1_16' title='bbox 425 765 452 831; x_wconf 93' lang='lat'>0</span> <span class='ocrx_word' id='word_1_17' title='bbox 475 766 667 850; x_wconf 80' lang='lat' dir='ltr'>redemptrix</span> <span class='ocrx_word' id='word_1_18' title='bbox 689 765 864 844; x_wconf 89' lang='lat' dir='ltr'>hominum,</span> <span class='ocrx_word' id='word_1_19' title='bbox 888 787 907 829; x_wconf 93' lang='grc'>0</span> <span class='ocrx_word' id='word_1_20' title='bbox 929 766 1023 832; x_wconf 89' lang='lat' dir='ltr'>decus</span> <span class='ocrx_word' id='word_1_21' title='bbox 1045 765 1242 849; x_wconf 88' lang='lat' dir='ltr'>angelorum,</span> 
     </span>
     <span class='ocr_line' id='line_1_5' title="bbox 425 872 1055 958; baseline -0.006 -19"><span class='ocrx_word' id='word_1_22' title='bbox 425 873 452 939; x_wconf 93' lang='lat'>0</span> <span class='ocrx_word' id='word_1_23' title='bbox 474 874 585 958; x_wconf 88' lang='lat' dir='ltr'>regina</span> <span class='ocrx_word' id='word_1_24' title='bbox 606 873 713 950; x_wconf 89' lang='lat' dir='ltr'>seculi,</span> <span class='ocrx_word' id='word_1_25' title='bbox 736 895 756 937; x_wconf 94' lang='grc'>0</span> <span class='ocrx_word' id='word_1_26' title='bbox 779 873 884 958; x_wconf 86' lang='lat' dir='ltr'>gloria</span> <span class='ocrx_word' id='word_1_27' title='bbox 905 872 1055 949; x_wconf 87' lang='lat' dir='ltr'>celorum,</span> 
     </span>
    </p>

    <p class='ocr_par' dir='ltr' id='par_1_3' title="bbox 348 977 1312 1482">
     <span class='ocr_line' id='line_1_6' title="bbox 348 977 1192 1062; baseline 0.009 -29"><span class='ocrx_word' id='word_1_28' title='bbox 348 998 400 1035; x_wconf 69' lang='lat' dir='ltr'>ereo</span> <span class='ocrx_word' id='word_1_29' title='bbox 426 977 454 1043; x_wconf 92' lang='lat'>0</span> <span class='ocrx_word' id='word_1_30' title='bbox 476 1001 547 1062; x_wconf 82' lang='lat' dir='ltr'>spes</span> <span class='ocrx_word' id='word_1_31' title='bbox 569 983 602 1043; x_wconf 88' lang='lat' dir='ltr'>et</span> <span class='ocrx_word' id='word_1_32' title='bbox 624 979 814 1044; x_wconf 86' lang='lat' dir='ltr'>desiderium</span> <span class='ocrx_word' id='word_1_33' title='bbox 837 979 979 1043; x_wconf 90' lang='lat' dir='ltr'>omnium</span> <span class='ocrx_word' id='word_1_34' title='bbox 1002 980 1192 1054; x_wconf 84' lang='lat' dir='ltr'>sanctorum,</span> 
     </span>
     <span class='ocr_line' id='line_1_7' title="bbox 427 1081 1185 1168; baseline -0.004 -20"><span class='ocrx_word' id='word_1_35' title='bbox 427 1082 455 1148; x_wconf 92' lang='lat'>0</span> <span class='ocrx_word' id='word_1_36' title='bbox 478 1084 567 1168; x_wconf 86' lang='lat' dir='ltr'>quies</span> <span class='ocrx_word' id='word_1_37' title='bbox 588 1081 814 1159; x_wconf 76' lang='lat' dir='ltr'>laborantium,</span> <span class='ocrx_word' id='word_1_38' title='bbox 837 1102 857 1146; x_wconf 93' lang='grc'>0</span> <span class='ocrx_word' id='word_1_39' title='bbox 877 1082 964 1146; x_wconf 89' lang='lat' dir='ltr'>salus</span> <span class='ocrx_word' id='word_1_40' title='bbox 987 1081 1185 1159; x_wconf 89' lang='lat' dir='ltr'>miserorum,</span> 
     </span>
     <span class='ocr_line' id='line_1_8' title="bbox 425 1188 1153 1272; baseline -0.004 -17"><span class='ocrx_word' id='word_1_41' title='bbox 425 1189 452 1255; x_wconf 93' lang='lat'>0</span> <span class='ocrx_word' id='word_1_42' title='bbox 475 1190 578 1255; x_wconf 91' lang='lat' dir='ltr'>lilium</span> <span class='ocrx_word' id='word_1_43' title='bbox 600 1188 802 1267; x_wconf 76' lang='lat' dir='ltr'>convallium,</span> <span class='ocrx_word' id='word_1_44' title='bbox 825 1209 846 1252; x_wconf 94' lang='lat' dir='ltr'>o</span> <span class='ocrx_word' id='word_1_45' title='bbox 868 1209 941 1254; x_wconf 87' lang='lat' dir='ltr'>rosa</span> <span class='ocrx_word' id='word_1_46' title='bbox 963 1188 1031 1252; x_wconf 90' lang='lat' dir='ltr'>sine</span> <span class='ocrx_word' id='word_1_47' title='bbox 1053 1188 1153 1272; x_wconf 91' lang='lat' dir='ltr'>spina,</span> 
     </span>
     <span class='ocr_line' id='line_1_9' title="bbox 425 1290 1312 1376; baseline -0.009 -16"><span class='ocrx_word' id='word_1_48' title='bbox 425 1294 453 1360; x_wconf 92' lang='lat'>0</span> <span class='ocrx_word' id='word_1_49' title='bbox 475 1295 550 1359; x_wconf 90' lang='lat' dir='ltr'>lune</span> <span class='ocrx_word' id='word_1_50' title='bbox 572 1294 628 1358; x_wconf 89' lang='lat' dir='ltr'>lux</span> <span class='ocrx_word' id='word_1_51' title='bbox 651 1298 682 1358; x_wconf 92' lang='lat' dir='ltr'>et</span> <span class='ocrx_word' id='word_1_52' title='bbox 704 1293 854 1376; x_wconf 83' lang='lat' dir='ltr'>splendor</span> <span class='ocrx_word' id='word_1_53' title='bbox 875 1292 962 1371; x_wconf 88' lang='lat' dir='ltr'>solis,</span> <span class='ocrx_word' id='word_1_54' title='bbox 986 1315 1005 1357; x_wconf 96' lang='grc'>0</span> <span class='ocrx_word' id='word_1_55' title='bbox 1027 1292 1121 1357; x_wconf 88' lang='lat' dir='ltr'>stella</span> <span class='ocrx_word' id='word_1_56' title='bbox 1140 1290 1312 1368; x_wconf 84' lang='lat' dir='ltr'>matutina,</span> 
     </span>
     <span class='ocr_line' id='line_1_10' title="bbox 428 1397 1032 1482; baseline -0.005 -17"><span class='ocrx_word' id='word_1_57' title='bbox 428 1400 456 1465; x_wconf 91' lang='lat'>0</span> <span class='ocrx_word' id='word_1_58' title='bbox 478 1397 702 1476; x_wconf 89' lang='lat' dir='ltr'>desiderabilis,</span> <span class='ocrx_word' id='word_1_59' title='bbox 726 1420 745 1462; x_wconf 92' lang='grc'>0</span> <span class='ocrx_word' id='word_1_60' title='bbox 767 1398 860 1482; x_wconf 87' lang='lat' dir='ltr'>virgo</span> <span class='ocrx_word' id='word_1_61' title='bbox 882 1397 1032 1482; x_wconf 87' lang='lat' dir='ltr'>gloriosa,</span> 
     </span>
    </p>

    <p class='ocr_par' dir='ltr' id='par_1_4' title="bbox 268 1500 1279 2008">
     <span class='ocr_line' id='line_1_11' title="bbox 268 1500 1154 1578; baseline -0.005 -10"><span class='ocrx_word' id='word_1_62' title='bbox 268 1503 270 1506; x_wconf 72' lang='grc'><strong>’</strong></span> <span class='ocrx_word' id='word_1_63' title='bbox 349 1525 400 1561; x_wconf 78' lang='lat' dir='ltr'>un</span> <span class='ocrx_word' id='word_1_64' title='bbox 427 1502 454 1569; x_wconf 92' lang='grc' dir='ltr'>Ο</span> <span class='ocrx_word' id='word_1_65' title='bbox 477 1504 578 1568; x_wconf 92' lang='lat' dir='ltr'>dulcis</span> <span class='ocrx_word' id='word_1_66' title='bbox 600 1506 633 1567; x_wconf 84' lang='lat' dir='ltr'>et</span> <span class='ocrx_word' id='word_1_67' title='bbox 655 1500 811 1578; x_wconf 90' lang='lat' dir='ltr'>amabilis,</span> <span class='ocrx_word' id='word_1_68' title='bbox 835 1523 855 1565; x_wconf 93' lang='grc'>0</span> <span class='ocrx_word' id='word_1_69' title='bbox 877 1505 978 1565; x_wconf 90' lang='lat' dir='ltr'>mater</span> <span class='ocrx_word' id='word_1_70' title='bbox 1001 1521 1154 1578; x_wconf 86' lang='lat' dir='ltr'>amorosa,</span> 
     </span>
     <span class='ocr_line' id='line_1_12' title="bbox 426 1605 1186 1690; baseline -0.007 -16"><span class='ocrx_word' id='word_1_71' title='bbox 426 1609 456 1674; x_wconf 99' lang='lat' dir='ltr'>A</span> <span class='ocrx_word' id='word_1_72' title='bbox 479 1610 570 1674; x_wconf 91' lang='lat' dir='ltr'>nobis</span> <span class='ocrx_word' id='word_1_73' title='bbox 591 1608 686 1673; x_wconf 91' lang='lat' dir='ltr'>modo</span> <span class='ocrx_word' id='word_1_74' title='bbox 709 1608 842 1685; x_wconf 87' lang='lat' dir='ltr'>tolleris,</span> <span class='ocrx_word' id='word_1_75' title='bbox 865 1629 885 1671; x_wconf 92' lang='lat' dir='ltr'>a</span> <span class='ocrx_word' id='word_1_76' title='bbox 906 1607 998 1671; x_wconf 89' lang='lat' dir='ltr'>uobis</span> <span class='ocrx_word' id='word_1_77' title='bbox 1021 1605 1186 1690; x_wconf 86' lang='lat' dir='ltr'>separaris,</span> 
     </span>
     <span class='ocr_line' id='line_1_13' title="bbox 426 1710 1279 1798; baseline -0.007 -20"><span class='ocrx_word' id='word_1_78' title='bbox 426 1716 456 1779; x_wconf 91' lang='lat' dir='ltr'>A</span> <span class='ocrx_word' id='word_1_79' title='bbox 480 1717 653 1798; x_wconf 90' lang='lat' dir='ltr'>nostroque</span> <span class='ocrx_word' id='word_1_80' title='bbox 674 1713 844 1790; x_wconf 88' lang='lat' dir='ltr'>consortio,</span> <span class='ocrx_word' id='word_1_81' title='bbox 867 1735 914 1792; x_wconf 86' lang='lat' dir='ltr'>ve,</span> <span class='ocrx_word' id='word_1_82' title='bbox 937 1713 1030 1778; x_wconf 91' lang='lat' dir='ltr'>nobis</span> <span class='ocrx_word' id='word_1_83' title='bbox 1052 1710 1279 1795; x_wconf 78' lang='lat' dir='ltr'>sequestratis!</span> 
     </span>
     <span class='ocr_line' id='line_1_14' title="bbox 427 1816 1214 1894; baseline -0.006 -9"><span class='ocrx_word' id='word_1_84' title='bbox 427 1819 477 1885; x_wconf 73' lang='lat' dir='ltr'>&#39;l&#39;u</span> <span class='ocrx_word' id='word_1_85' title='bbox 499 1841 567 1884; x_wconf 89' lang='lat' dir='ltr'>eras</span> <span class='ocrx_word' id='word_1_86' title='bbox 589 1821 696 1883; x_wconf 92' lang='lat' dir='ltr'>nostre</span> <span class='ocrx_word' id='word_1_87' title='bbox 717 1818 791 1882; x_wconf 84' lang='lat' dir='ltr'>fidei</span> <span class='ocrx_word' id='word_1_88' title='bbox 813 1818 940 1882; x_wconf 90' lang='lat' dir='ltr'>firmum</span> <span class='ocrx_word' id='word_1_89' title='bbox 963 1816 1214 1894; x_wconf 78' lang='lat' dir='ltr'>fundamentum,</span> 
     </span>
     <span class='ocr_line' id='line_1_15' title="bbox 426 1923 1266 2008; baseline -0.004 -19"><span class='ocrx_word' id='word_1_90' title='bbox 426 1923 578 2008; x_wconf 80' lang='lat' dir='ltr'>Novoque</span> <span class='ocrx_word' id='word_1_91' title='bbox 601 1924 743 1987; x_wconf 81' lang='lat' dir='ltr'>doctrine</span> <span class='ocrx_word' id='word_1_92' title='bbox 764 1927 873 1988; x_wconf 83' lang='lat' dir='ltr'>nostre</span> <span class='ocrx_word' id='word_1_93' title='bbox 894 1945 1005 1988; x_wconf 89' lang='lat' dir='ltr'>verum</span> <span class='ocrx_word' id='word_1_94' title='bbox 1027 1926 1266 2007; x_wconf 66' lang='lat' dir='ltr'>argumentum</span> 
     </span>
    </p>

    <p class='ocr_par' dir='ltr' id='par_1_5' title="bbox 351 2017 1158 2516">
     <span class='ocr_line' id='line_1_16' title="bbox 351 2017 1141 2114; baseline -0.003 -20"><span class='ocrx_word' id='word_1_95' title='bbox 351 2045 403 2085; x_wconf 81' lang='grc'><strong>7777</strong></span> <span class='ocrx_word' id='word_1_96' title='bbox 430 2028 531 2094; x_wconf 89' lang='lat' dir='ltr'>Nobis</span> <span class='ocrx_word' id='word_1_97' title='bbox 554 2051 679 2114; x_wconf 89' lang='lat' dir='ltr'>quoque</span> <span class='ocrx_word' id='word_1_98' title='bbox 700 2032 736 2093; x_wconf 91' lang='lat' dir='ltr'>tu</span> <span class='ocrx_word' id='word_1_99' title='bbox 759 2029 850 2094; x_wconf 88' lang='lat' dir='ltr'>fuisti</span> <span class='ocrx_word' id='word_1_100' title='bbox 872 2029 984 2114; x_wconf 82' lang='lat' dir='ltr'>regula</span> <span class='ocrx_word' id='word_1_101' title='bbox 1005 2017 1141 2105; x_wconf 84' lang='lat' dir='ltr'>viveridi,</span> 
     </span>
     <span class='ocr_line' id='line_1_17' title="bbox 426 2132 1158 2219; baseline -0.001 -21"><span class='ocrx_word' id='word_1_102' title='bbox 426 2135 533 2219; x_wconf 87' lang='lat' dir='ltr'>Atque</span> <span class='ocrx_word' id='word_1_103' title='bbox 554 2134 646 2199; x_wconf 89' lang='lat' dir='ltr'>nobis</span> <span class='ocrx_word' id='word_1_104' title='bbox 668 2134 820 2198; x_wconf 85' lang='lat' dir='ltr'>exstitisti</span> <span class='ocrx_word' id='word_1_105' title='bbox 842 2132 981 2198; x_wconf 85' lang='lat' dir='ltr'>formula</span> <span class='ocrx_word' id='word_1_106' title='bbox 1002 2132 1158 2198; x_wconf 91' lang='lat' dir='ltr'>credendi.</span> 
     </span>
     <span class='ocr_line' id='line_1_18' title="bbox 426 2238 1156 2324; baseline -0.003 -20"><span class='ocrx_word' id='word_1_107' title='bbox 426 2238 599 2323; x_wconf 86' lang='lat' dir='ltr'>Nostriqua</span> <span class='ocrx_word' id='word_1_108' title='bbox 620 2238 782 2324; x_wconf 86' lang='lat' dir='ltr'>naufragii</span> <span class='ocrx_word' id='word_1_109' title='bbox 804 2243 841 2303; x_wconf 89' lang='lat' dir='ltr'>tu</span> <span class='ocrx_word' id='word_1_110' title='bbox 862 2243 972 2322; x_wconf 89' lang='lat' dir='ltr'>portus</span> <span class='ocrx_word' id='word_1_111' title='bbox 995 2239 1156 2316; x_wconf 81' lang='lat' dir='ltr'>exstitisti,</span> 
     </span>
     <span class='ocr_line' id='line_1_19' title="bbox 424 2342 1051 2408; baseline 0.002 -1"><span class='ocrx_word' id='word_1_112' title='bbox 424 2343 469 2407; x_wconf 82' lang='lat' dir='ltr'>Et</span> <span class='ocrx_word' id='word_1_113' title='bbox 491 2344 583 2407; x_wconf 91' lang='lat' dir='ltr'>nobis</span> <span class='ocrx_word' id='word_1_114' title='bbox 605 2344 638 2408; x_wconf 91' lang='lat' dir='ltr'>in</span> <span class='ocrx_word' id='word_1_115' title='bbox 661 2343 757 2407; x_wconf 88' lang='lat' dir='ltr'>exilio</span> <span class='ocrx_word' id='word_1_116' title='bbox 779 2343 929 2407; x_wconf 90' lang='lat' dir='ltr'>solatium</span> <span class='ocrx_word' id='word_1_117' title='bbox 951 2342 1051 2408; x_wconf 85' lang='lat' dir='ltr'>fuisti.</span> 
     </span>
     <span class='ocr_line' id='line_1_20' title="bbox 425 2447 1047 2516; baseline -0.002 -2"><span class='ocrx_word' id='word_1_118' title='bbox 425 2448 543 2514; x_wconf 88' lang='lat' dir='ltr'>Nostre</span> <span class='ocrx_word' id='word_1_119' title='bbox 565 2447 782 2516; x_wconf 79' lang='lat' dir='ltr'>tribulationis</span> <span class='ocrx_word' id='word_1_120' title='bbox 802 2453 838 2513; x_wconf 90' lang='lat' dir='ltr'>tu</span> <span class='ocrx_word' id='word_1_121' title='bbox 862 2448 1047 2514; x_wconf 79' lang='lat' dir='ltr'>auxiliatrix</span> 
     </span>
    </p>

    <p class='ocr_par' dir='ltr' id='par_1_6' title="bbox 350 2552 1338 3041">
     <span class='ocr_line' id='line_1_21' title="bbox 350 2552 1110 2637; baseline 0 -19"><span class='ocrx_word' id='word_1_122' title='bbox 350 2571 401 2609; x_wconf 77' lang='grc'><strong>7777</strong></span> <span class='ocrx_word' id='word_1_123' title='bbox 427 2552 508 2618; x_wconf 72' lang='lat' dir='ltr'>Erae</span> <span class='ocrx_word' id='word_1_124' title='bbox 530 2557 562 2618; x_wconf 91' lang='lat' dir='ltr'>et</span> <span class='ocrx_word' id='word_1_125' title='bbox 584 2552 771 2616; x_wconf 85' lang='lat' dir='ltr'>vastationis</span> <span class='ocrx_word' id='word_1_126' title='bbox 793 2556 901 2617; x_wconf 92' lang='lat' dir='ltr'>nostre</span> <span class='ocrx_word' id='word_1_127' title='bbox 923 2554 1110 2637; x_wconf 86' lang='lat' dir='ltr'>reparatrix.</span> 
     </span>
     <span class='ocr_line' id='line_1_22' title="bbox 425 2648 1338 2744; baseline -0.001 -21"><span class='ocrx_word' id='word_1_128' title='bbox 425 2659 470 2723; x_wconf 85' lang='lat' dir='ltr'>Te</span> <span class='ocrx_word' id='word_1_129' title='bbox 491 2681 587 2743; x_wconf 91' lang='lat' dir='ltr'>quam</span> <span class='ocrx_word' id='word_1_130' title='bbox 610 2658 664 2722; x_wconf 89' lang='lat' dir='ltr'>diu</span> <span class='ocrx_word' id='word_1_131' title='bbox 687 2679 781 2742; x_wconf 90' lang='lat' dir='ltr'>super</span> <span class='ocrx_word' id='word_1_132' title='bbox 802 2662 921 2723; x_wconf 87' lang='lat' dir='ltr'>terram</span> <span class='ocrx_word' id='word_1_133' title='bbox 943 2648 1148 2744; x_wconf 82' lang='lat' dir='ltr'>cognovimus</span> <span class='ocrx_word' id='word_1_134' title='bbox 1170 2660 1338 2736; x_wconf 86' lang='lat' dir='ltr'>viventem,</span> 
     </span>
     <span class='ocr_line' id='line_1_23' title="bbox 427 2753 1245 2834; baseline 0.007 -7"><span class='ocrx_word' id='word_1_135' title='bbox 427 2764 475 2827; x_wconf 91' lang='lat' dir='ltr'>Ac</span> <span class='ocrx_word' id='word_1_136' title='bbox 496 2764 530 2827; x_wconf 91' lang='lat' dir='ltr'>in</span> <span class='ocrx_word' id='word_1_137' title='bbox 553 2763 616 2827; x_wconf 90' lang='lat' dir='ltr'>isto</span> <span class='ocrx_word' id='word_1_138' title='bbox 639 2763 744 2827; x_wconf 87' lang='lat' dir='ltr'>seculo</span> <span class='ocrx_word' id='word_1_139' title='bbox 767 2766 799 2827; x_wconf 90' lang='lat' dir='ltr'>te</span> <span class='ocrx_word' id='word_1_140' title='bbox 821 2762 970 2829; x_wconf 79' lang='lat' dir='ltr'>scivimus</span> <span class='ocrx_word' id='word_1_141' title='bbox 992 2767 1192 2834; x_wconf 78' lang='lat' dir='ltr'>manentem:</span> <span class='ocrx_word' id='word_1_142' title='bbox 1240 2753 1245 2764; x_wconf 62' lang='grc'><strong>’</strong></span> 
     </span>
     <span class='ocr_line' id='line_1_24' title="bbox 426 2865 1244 2952; baseline 0.002 -21"><span class='ocrx_word' id='word_1_143' title='bbox 426 2865 494 2932; x_wconf 89' lang='lat' dir='ltr'>Nos</span> <span class='ocrx_word' id='word_1_144' title='bbox 516 2868 556 2932; x_wconf 90' lang='lat' dir='ltr'>ad</span> <span class='ocrx_word' id='word_1_145' title='bbox 578 2871 610 2932; x_wconf 92' lang='lat' dir='ltr'>te</span> <span class='ocrx_word' id='word_1_146' title='bbox 633 2866 793 2952; x_wconf 84' lang='lat' dir='ltr'>refugium</span> <span class='ocrx_word' id='word_1_147' title='bbox 816 2889 939 2952; x_wconf 88' lang='lat' dir='ltr'>semper</span> <span class='ocrx_word' id='word_1_148' title='bbox 960 2868 1155 2933; x_wconf 88' lang='lat' dir='ltr'>habebamus</span> <span class='ocrx_word' id='word_1_149' title='bbox 1181 2930 1189 2945; x_wconf 71' lang='grc'>,</span> <span class='ocrx_word' id='word_1_150' title='bbox 1239 2882 1244 2889; x_wconf 88' lang='grc'><strong>“</strong></span> 
     </span>
     <span class='ocr_line' id='line_1_25' title="bbox 426 2971 1195 3041; baseline 0 -3"><span class='ocrx_word' id='word_1_151' title='bbox 426 2973 470 3038; x_wconf 79' lang='lat' dir='ltr'>Et</span> <span class='ocrx_word' id='word_1_152' title='bbox 491 2977 524 3039; x_wconf 87' lang='lat' dir='ltr'>te</span> <span class='ocrx_word' id='word_1_153' title='bbox 546 2974 627 3037; x_wconf 92' lang='lat' dir='ltr'>sicut</span> <span class='ocrx_word' id='word_1_154' title='bbox 650 2971 822 3039; x_wconf 86' lang='lat' dir='ltr'>anchoram</span> <span class='ocrx_word' id='word_1_155' title='bbox 841 2972 875 3037; x_wconf 90' lang='lat' dir='ltr'>in</span> <span class='ocrx_word' id='word_1_156' title='bbox 897 2974 978 3037; x_wconf 91' lang='lat' dir='ltr'>mari</span> <span class='ocrx_word' id='word_1_157' title='bbox 1000 2973 1195 3041; x_wconf 87' lang='lat' dir='ltr'>tenebamus.</span> 
     </span>
    </p>

    <p class='ocr_par' dir='ltr' id='par_1_7' title="bbox 348 3077 1236 3583">
     <span class='ocr_line' id='line_1_26' title="bbox 348 3077 1236 3145; baseline 0.015 -13"><span class='ocrx_word' id='word_1_158' title='bbox 348 3097 400 3134; x_wconf 77' lang='lat' dir='ltr'>reso</span> <span class='ocrx_word' id='word_1_159' title='bbox 426 3078 516 3143; x_wconf 86' lang='lat' dir='ltr'>Heu!</span> <span class='ocrx_word' id='word_1_160' title='bbox 540 3078 632 3143; x_wconf 92' lang='lat' dir='ltr'>nobis</span> <span class='ocrx_word' id='word_1_161' title='bbox 654 3100 739 3142; x_wconf 88' lang='lat' dir='ltr'>nunc</span> <span class='ocrx_word' id='word_1_162' title='bbox 762 3077 963 3143; x_wconf 87' lang='lat' dir='ltr'>subtrahitur</span> <span class='ocrx_word' id='word_1_163' title='bbox 985 3083 1042 3144; x_wconf 89' lang='lat' dir='ltr'>tua</span> <span class='ocrx_word' id='word_1_164' title='bbox 1063 3081 1236 3145; x_wconf 81' lang='lat' dir='ltr'>reverenda</span> 
     </span>
     <span class='ocr_line' id='line_1_27' title="bbox 427 3182 1104 3268; baseline 0.001 -21"><span class='ocrx_word' id='word_1_165' title='bbox 427 3183 597 3261; x_wconf 85' lang='lat' dir='ltr'>Preseutia,</span> <span class='ocrx_word' id='word_1_166' title='bbox 621 3182 768 3245; x_wconf 88' lang='lat' dir='ltr'>fidelibus</span> <span class='ocrx_word' id='word_1_167' title='bbox 791 3182 911 3247; x_wconf 90' lang='lat' dir='ltr'>cunctis</span> <span class='ocrx_word' id='word_1_168' title='bbox 934 3182 1104 3268; x_wconf 84' lang='lat' dir='ltr'>diligenda,</span> 
     </span>
     <span class='ocr_line' id='line_1_28' title="bbox 424 3287 1178 3367; baseline 0.001 -13"><span class='ocrx_word' id='word_1_169' title='bbox 424 3290 470 3354; x_wconf 81' lang='lat' dir='ltr'>Et</span> <span class='ocrx_word' id='word_1_170' title='bbox 492 3312 511 3353; x_wconf 92' lang='lat' dir='ltr'>a</span> <span class='ocrx_word' id='word_1_171' title='bbox 531 3293 564 3353; x_wconf 90' lang='lat' dir='ltr'>te</span> <span class='ocrx_word' id='word_1_172' title='bbox 587 3287 769 3352; x_wconf 75' lang='lat' dir='ltr'>didcissima</span> <span class='ocrx_word' id='word_1_173' title='bbox 790 3292 890 3352; x_wconf 90' lang='lat' dir='ltr'>matre</span> <span class='ocrx_word' id='word_1_174' title='bbox 912 3310 998 3352; x_wconf 90' lang='lat' dir='ltr'>nunc</span> <span class='ocrx_word' id='word_1_175' title='bbox 1020 3290 1178 3367; x_wconf 89' lang='lat' dir='ltr'>orbamur,</span> 
     </span>
     <span class='ocr_line' id='line_1_29' title="bbox 425 3392 1044 3477; baseline -0.002 -18"><span class='ocrx_word' id='word_1_176' title='bbox 425 3396 455 3459; x_wconf 90' lang='lat' dir='ltr'>A</span> <span class='ocrx_word' id='word_1_177' title='bbox 479 3394 623 3477; x_wconf 89' lang='lat' dir='ltr'>dulcique</span> <span class='ocrx_word' id='word_1_178' title='bbox 645 3393 760 3456; x_wconf 91' lang='lat' dir='ltr'>solatio</span> <span class='ocrx_word' id='word_1_179' title='bbox 781 3396 837 3457; x_wconf 92' lang='lat' dir='ltr'>tuo</span> <span class='ocrx_word' id='word_1_180' title='bbox 861 3392 1044 3471; x_wconf 86' lang='lat' dir='ltr'>viduamur;</span> 
     </span>
     <span class='ocr_line' id='line_1_30' title="bbox 428 3497 1110 3583; baseline -0.001 -18"><span class='ocrx_word' id='word_1_181' title='bbox 428 3501 455 3565; x_wconf 89' lang='lat' dir='ltr'>A</span> <span class='ocrx_word' id='word_1_182' title='bbox 480 3501 544 3564; x_wconf 89' lang='lat' dir='ltr'>tuis</span> <span class='ocrx_word' id='word_1_183' title='bbox 566 3498 731 3581; x_wconf 90' lang='lat' dir='ltr'>colloquiis</span> <span class='ocrx_word' id='word_1_184' title='bbox 754 3497 900 3583; x_wconf 84' lang='lat' dir='ltr'>benignis</span> <span class='ocrx_word' id='word_1_185' title='bbox 923 3499 1110 3578; x_wconf 89' lang='lat' dir='ltr'>desolamur,</span> 
     </span>
    </p>

    <p class='ocr_par' dir='ltr' id='par_1_8' title="bbox 347 3603 1309 4109">
     <span class='ocr_line' id='line_1_31' title="bbox 347 3603 1186 3688; baseline 0.004 -20"><span class='ocrx_word' id='word_1_186' title='bbox 347 3623 400 3660; x_wconf 74' lang='lat'>⁷2⁸⁶</span> <span class='ocrx_word' id='word_1_187' title='bbox 427 3605 455 3668; x_wconf 89' lang='lat' dir='ltr'>A</span> <span class='ocrx_word' id='word_1_188' title='bbox 479 3608 598 3687; x_wconf 90' lang='lat' dir='ltr'>tuoque</span> <span class='ocrx_word' id='word_1_189' title='bbox 620 3603 788 3680; x_wconf 88' lang='lat' dir='ltr'>consortio,</span> <span class='ocrx_word' id='word_1_190' title='bbox 812 3624 858 3680; x_wconf 90' lang='lat' dir='ltr'>ve,</span> <span class='ocrx_word' id='word_1_191' title='bbox 881 3603 973 3668; x_wconf 92' lang='lat' dir='ltr'>nobis</span> <span class='ocrx_word' id='word_1_192' title='bbox 995 3626 1186 3688; x_wconf 85' lang='lat' dir='ltr'>separamur.</span> 
     </span>
     <span class='ocr_line' id='line_1_32' title="bbox 424 3707 1190 3794; baseline 0.003 -19"><span class='ocrx_word' id='word_1_193' title='bbox 424 3710 513 3793; x_wconf 79' lang='lat' dir='ltr'>Ergo</span> <span class='ocrx_word' id='word_1_194' title='bbox 534 3707 773 3792; x_wconf 87' lang='lat' dir='ltr'>benignissima,</span> <span class='ocrx_word' id='word_1_195' title='bbox 796 3711 838 3786; x_wconf 91' lang='lat' dir='ltr'>te,</span> <span class='ocrx_word' id='word_1_196' title='bbox 861 3712 963 3773; x_wconf 88' lang='lat' dir='ltr'>mater</span> <span class='ocrx_word' id='word_1_197' title='bbox 985 3709 1190 3794; x_wconf 86' lang='lat' dir='ltr'>imploramus</span> 
     </span>
     <span class='ocr_line' id='line_1_33' title="bbox 425 3813 1196 3900; baseline 0.003 -21"><span class='ocrx_word' id='word_1_198' title='bbox 425 3815 588 3899; x_wconf 87' lang='lat' dir='ltr'>Tuamque</span> <span class='ocrx_word' id='word_1_199' title='bbox 611 3813 796 3883; x_wconf 85' lang='lat' dir='ltr'>mellifluam</span> <span class='ocrx_word' id='word_1_200' title='bbox 818 3813 1017 3879; x_wconf 84' lang='lat' dir='ltr'>clementiam</span> <span class='ocrx_word' id='word_1_201' title='bbox 1038 3837 1196 3900; x_wconf 83' lang='lat' dir='ltr'>rogamus,</span> 
     </span>
     <span class='ocr_line' id='line_1_34' title="bbox 425 3917 1309 4002; baseline 0.007 -20"><span class='ocrx_word' id='word_1_202' title='bbox 425 3917 471 3983; x_wconf 88' lang='lat' dir='ltr'>Ut</span> <span class='ocrx_word' id='word_1_203' title='bbox 493 3942 564 3983; x_wconf 88' lang='lat' dir='ltr'>cum</span> <span class='ocrx_word' id='word_1_204' title='bbox 586 3923 748 4002; x_wconf 90' lang='lat' dir='ltr'>assumpta</span> <span class='ocrx_word' id='word_1_205' title='bbox 770 3918 867 3983; x_wconf 89' lang='lat' dir='ltr'>fueris</span> <span class='ocrx_word' id='word_1_206' title='bbox 891 3920 930 3983; x_wconf 87' lang='lat' dir='ltr'>ad</span> <span class='ocrx_word' id='word_1_207' title='bbox 952 3918 1063 3985; x_wconf 80' lang='lat' dir='ltr'>desum</span> <span class='ocrx_word' id='word_1_208' title='bbox 1085 3925 1176 3987; x_wconf 89' lang='lat' dir='ltr'>tuum</span> <span class='ocrx_word' id='word_1_209' title='bbox 1198 3927 1309 3988; x_wconf 90' lang='lat' dir='ltr'>natum</span> 
     </span>
     <span class='ocr_line' id='line_1_35' title="bbox 425 4023 1116 4109; baseline 0.004 -21"><span class='ocrx_word' id='word_1_210' title='bbox 425 4024 532 4107; x_wconf 90' lang='lat' dir='ltr'>Atque</span> <span class='ocrx_word' id='word_1_211' title='bbox 554 4046 624 4087; x_wconf 91' lang='lat' dir='ltr'>cum</span> <span class='ocrx_word' id='word_1_212' title='bbox 648 4023 787 4088; x_wconf 86' lang='lat' dir='ltr'>tenueris</span> <span class='ocrx_word' id='word_1_213' title='bbox 810 4025 868 4089; x_wconf 89' lang='lat' dir='ltr'>celi</span> <span class='ocrx_word' id='word_1_214' title='bbox 891 4025 1116 4109; x_wconf 90' lang='lat' dir='ltr'>principatum,</span> 
     </span>
    </p>

    <p class='ocr_par' dir='ltr' id='par_1_9' title="bbox 346 4126 1204 4413">
     <span class='ocr_line' id='line_1_36' title="bbox 346 4126 1204 4215; baseline 0.019 -33"><span class='ocrx_word' id='word_1_215' title='bbox 346 4147 397 4183; x_wconf 73' lang='grc'>1110</span> <span class='ocrx_word' id='word_1_216' title='bbox 424 4126 513 4191; x_wconf 87' lang='lat' dir='ltr'>Tunc</span> <span class='ocrx_word' id='word_1_217' title='bbox 535 4129 706 4211; x_wconf 86' lang='lat' dir='ltr'>pronubis</span> <span class='ocrx_word' id='word_1_218' title='bbox 728 4133 766 4193; x_wconf 93' lang='lat' dir='ltr'>tu</span> <span class='ocrx_word' id='word_1_219' title='bbox 788 4130 927 4215; x_wconf 89' lang='lat' dir='ltr'>digneris</span> <span class='ocrx_word' id='word_1_220' title='bbox 949 4131 1043 4196; x_wconf 89' lang='lat' dir='ltr'>deum</span> <span class='ocrx_word' id='word_1_221' title='bbox 1065 4154 1204 4212; x_wconf 87' lang='lat' dir='ltr'>exorare,</span> 
     </span>
     <span class='ocr_line' id='line_1_37' title="bbox 423 4231 1118 4321; baseline 0.009 -25"><span class='ocrx_word' id='word_1_222' title='bbox 423 4231 530 4316; x_wconf 89' lang='lat' dir='ltr'>Atque</span> <span class='ocrx_word' id='word_1_223' title='bbox 551 4256 641 4297; x_wconf 89' lang='lat' dir='ltr'>suam</span> <span class='ocrx_word' id='word_1_224' title='bbox 663 4235 803 4319; x_wconf 81' lang='lat' dir='ltr'>gratiam</span> <span class='ocrx_word' id='word_1_225' title='bbox 823 4236 916 4300; x_wconf 89' lang='lat' dir='ltr'>nobis</span> <span class='ocrx_word' id='word_1_226' title='bbox 937 4236 1118 4321; x_wconf 88' lang='lat' dir='ltr'>impetrare,</span> 
     </span>
     <span class='ocr_line' id='line_1_38' title="bbox 424 4335 1094 4413; baseline 0.015 -12"><span class='ocrx_word' id='word_1_227' title='bbox 424 4335 470 4402; x_wconf 93' lang='lat' dir='ltr'>Ut</span> <span class='ocrx_word' id='word_1_228' title='bbox 491 4360 549 4403; x_wconf 89' lang='lat' dir='ltr'>nos</span> <span class='ocrx_word' id='word_1_229' title='bbox 572 4339 613 4403; x_wconf 91' lang='lat' dir='ltr'>ab</span> <span class='ocrx_word' id='word_1_230' title='bbox 635 4339 695 4403; x_wconf 91' lang='lat' dir='ltr'>hoc</span> <span class='ocrx_word' id='word_1_231' title='bbox 717 4339 811 4405; x_wconf 88' lang='lat' dir='ltr'>exilio</span> <span class='ocrx_word' id='word_1_232' title='bbox 833 4340 896 4405; x_wconf 88' lang='lat' dir='ltr'>cito</span> <span class='ocrx_word' id='word_1_233' title='bbox 918 4342 1054 4407; x_wconf 91' lang='lat' dir='ltr'>liberare</span> <span class='ocrx_word' id='word_1_234' title='bbox 1091 4410 1094 4413; x_wconf 86' lang='grc'><strong>,</strong></span> 
     </span>
    </p>
   </div>
   <div class='ocr_carea' id='block_1_3' title="bbox 422 4428 1032 4532">
    <p class='ocr_par' dir='ltr' id='par_1_10' title="bbox 422 4428 1032 4532">
     <span class='ocr_line' id='line_1_39' title="bbox 422 4428 1032 4532; baseline 0.002 -25"><span class='ocrx_word' id='word_1_235' title='bbox 422 4439 511 4507; x_wconf 82' lang='lat' dir='ltr'>Velit</span> <span class='ocrx_word' id='word_1_236' title='bbox 533 4448 565 4508; x_wconf 92' lang='lat' dir='ltr'>et</span> <span class='ocrx_word' id='word_1_237' title='bbox 588 4428 622 4509; x_wconf 91' lang='lat' dir='ltr'>in</span> <span class='ocrx_word' id='word_1_238' title='bbox 644 4444 748 4532; x_wconf 88' lang='lat' dir='ltr'>gloria</span> <span class='ocrx_word' id='word_1_239' title='bbox 770 4467 827 4509; x_wconf 91' lang='lat' dir='ltr'>sua</span> <span class='ocrx_word' id='word_1_240' title='bbox 848 4445 1032 4511; x_wconf 68' lang='lat' dir='ltr'>collocare&lt;</span> 
     </span>
    </p>
   </div>
   <div class='ocr_carea' id='block_1_4' title="bbox 0 0 1515 5125">
    <p class='ocr_par' dir='ltr' id='par_1_11' title="bbox 0 0 1515 5125">
     <span class='ocr_line' id='line_1_40' title="bbox 0 0 1515 5125; baseline 0 0"><span class='ocrx_word' id='word_1_241' title='bbox 0 0 1515 5125; x_wconf 95' lang='lat' dir='ltr'> </span> 
     </span>
    </p>
   </div>
  </div>
 </body>
</html>
