<?xml version="1.0" encoding="UTF-8"?>
<!DOCTYPE html PUBLIC "-//W3C//DTD XHTML 1.0 Transitional//EN"
    "http://www.w3.org/TR/xhtml1/DTD/xhtml1-transitional.dtd">
<html xmlns="http://www.w3.org/1999/xhtml" xml:lang="en" lang="en">
 <head>
  <title>
</title>
<meta http-equiv="Content-Type" content="text/html;charset=utf-8" />
  <meta name='ocr-system' content='tesseract 3.04.00' />
  <meta name='ocr-capabilities' content='ocr_page ocr_carea ocr_par ocr_line ocrx_word'/>
</head>
<body>
  <div class='ocr_page' id='page_1' title='image "./vitabeatevirgin02vggoog_0201.png"; bbox 0 0 3000 5125; ppageno 0'>
   <div class='ocr_carea' id='block_1_1' title="bbox 209 367 1128 643">
    <p class='ocr_par' dir='ltr' id='par_1_1' title="bbox 209 367 1128 643">
     <span class='ocr_line' id='line_1_1' title="bbox 678 367 739 441; baseline 0.016 -1"><span class='ocrx_word' id='word_1_1' title='bbox 678 367 739 441; x_wconf 80' lang='grc'>189</span> 
     </span>
     <span class='ocr_line' id='line_1_2' title="bbox 209 536 1128 643; baseline 0.018 -39"><span class='ocrx_word' id='word_1_2' title='bbox 209 558 264 598; x_wconf 70' lang='lat'>⁵⁸³⁵</span> <span class='ocrx_word' id='word_1_3' title='bbox 291 536 435 629; x_wconf 78' lang='lat' dir='ltr'>Suntque</span> <span class='ocrx_word' id='word_1_4' title='bbox 456 545 517 610; x_wconf 88' lang='lat' dir='ltr'>tibi</span> <span class='ocrx_word' id='word_1_5' title='bbox 539 546 658 614; x_wconf 85' lang='lat' dir='ltr'>similes</span> <span class='ocrx_word' id='word_1_6' title='bbox 680 572 736 616; x_wconf 88' lang='lat' dir='ltr'>ceu</span> <span class='ocrx_word' id='word_1_7' title='bbox 760 555 864 618; x_wconf 82' lang='lat' dir='ltr'>tecum</span> <span class='ocrx_word' id='word_1_8' title='bbox 885 554 951 620; x_wconf 91' lang='lat' dir='ltr'>sint</span> <span class='ocrx_word' id='word_1_9' title='bbox 971 557 1128 643; x_wconf 77' lang='lat' dir='ltr'>gemelli«</span> 
     </span>
    </p>
   </div>
   <div class='ocr_carea' id='block_1_2' title="bbox 326 773 1078 862">
    <p class='ocr_par' dir='ltr' id='par_1_2' title="bbox 326 773 1078 862">
     <span class='ocr_line' id='line_1_3' title="bbox 326 773 1078 862; baseline 0.021 -18"><span class='ocrx_word' id='word_1_10' title='bbox 326 773 504 847; x_wconf 74' lang='lat' dir='ltr'>Planctus</span> <span class='ocrx_word' id='word_1_11' title='bbox 531 774 679 850; x_wconf 88' lang='lat' dir='ltr'>Marthe</span> <span class='ocrx_word' id='word_1_12' title='bbox 706 778 752 851; x_wconf 89' lang='lat' dir='ltr'>de</span> <span class='ocrx_word' id='word_1_13' title='bbox 780 784 902 856; x_wconf 89' lang='lat' dir='ltr'>morte</span> <span class='ocrx_word' id='word_1_14' title='bbox 930 783 1078 862; x_wconf 82' lang='lat' dir='ltr'>Christi.</span> 
     </span>
    </p>
   </div>
   <div class='ocr_carea' id='block_1_3' title="bbox 205 962 1175 4527">
    <p class='ocr_par' dir='ltr' id='par_1_3' title="bbox 205 962 1175 4527">
     <span class='ocr_line' id='line_1_4' title="bbox 295 962 1100 1058; baseline 0.017 -30"><span class='ocrx_word' id='word_1_15' title='bbox 295 962 425 1030; x_wconf 87' lang='lat' dir='ltr'>Martha</span> <span class='ocrx_word' id='word_1_16' title='bbox 447 987 571 1050; x_wconf 88' lang='lat' dir='ltr'>quoqne</span> <span class='ocrx_word' id='word_1_17' title='bbox 592 967 735 1033; x_wconf 91' lang='lat' dir='ltr'>dolorose</span> <span class='ocrx_word' id='word_1_18' title='bbox 757 969 835 1035; x_wconf 89' lang='lat' dir='ltr'>flens</span> <span class='ocrx_word' id='word_1_19' title='bbox 857 972 1100 1058; x_wconf 74' lang='lat' dir='ltr'>lamentabatur,</span> 
     </span>
     <span class='ocr_line' id='line_1_5' title="bbox 288 1068 1150 1163; baseline 0.02 -31"><span class='ocrx_word' id='word_1_20' title='bbox 288 1069 379 1145; x_wconf 76' lang='lat' dir='ltr'>Quod</span> <span class='ocrx_word' id='word_1_21' title='bbox 401 1068 494 1134; x_wconf 89' lang='lat' dir='ltr'>Jesus</span> <span class='ocrx_word' id='word_1_22' title='bbox 516 1071 616 1135; x_wconf 92' lang='lat' dir='ltr'>dulcis</span> <span class='ocrx_word' id='word_1_23' title='bbox 638 1072 753 1156; x_wconf 82' lang='lat' dir='ltr'>hospes</span> <span class='ocrx_word' id='word_1_24' title='bbox 775 1075 841 1139; x_wconf 90' lang='lat' dir='ltr'>eius</span> <span class='ocrx_word' id='word_1_25' title='bbox 864 1078 908 1141; x_wconf 92' lang='lat' dir='ltr'>sic</span> <span class='ocrx_word' id='word_1_26' title='bbox 930 1081 1150 1163; x_wconf 86' lang='lat' dir='ltr'>cruciabatur;</span> 
     </span>
     <span class='ocr_line' id='line_1_6' title="bbox 290 1172 1027 1267; baseline 0.016 -29"><span class='ocrx_word' id='word_1_27' title='bbox 290 1172 395 1259; x_wconf 84' lang='lat' dir='ltr'>Igitur</span> <span class='ocrx_word' id='word_1_28' title='bbox 417 1176 457 1239; x_wconf 86' lang='lat' dir='ltr'>ad</span> <span class='ocrx_word' id='word_1_29' title='bbox 479 1174 590 1241; x_wconf 88' lang='lat' dir='ltr'>Jesum</span> <span class='ocrx_word' id='word_1_30' title='bbox 612 1178 658 1241; x_wconf 87' lang='lat' dir='ltr'>ait</span> <span class='ocrx_word' id='word_1_31' title='bbox 680 1199 751 1243; x_wconf 89' lang='lat' dir='ltr'>cum</span> <span class='ocrx_word' id='word_1_32' title='bbox 773 1181 881 1246; x_wconf 89' lang='lat' dir='ltr'>dolore</span> <span class='ocrx_word' id='word_1_33' title='bbox 901 1186 1027 1267; x_wconf 91' lang='lat' dir='ltr'>mentis,</span> 
     </span>
     <span class='ocr_line' id='line_1_7' title="bbox 289 1279 997 1370; baseline 0.014 -27"><span class='ocrx_word' id='word_1_34' title='bbox 289 1279 422 1345; x_wconf 90' lang='lat' dir='ltr'>Planctu</span> <span class='ocrx_word' id='word_1_35' title='bbox 444 1281 616 1346; x_wconf 78' lang='lat' dir='ltr'>miserabili</span> <span class='ocrx_word' id='word_1_36' title='bbox 638 1284 811 1370; x_wconf 87' lang='lat' dir='ltr'>multisque</span> <span class='ocrx_word' id='word_1_37' title='bbox 834 1286 997 1353; x_wconf 88' lang='lat' dir='ltr'>lamentis:</span> 
     </span>
     <span class='ocr_line' id='line_1_8' title="bbox 209 1383 987 1473; baseline 0.013 -25"><span class='ocrx_word' id='word_1_38' title='bbox 209 1402 262 1440; x_wconf 78' lang='lat'><strong>⁶⁶40</strong></span> <span class='ocrx_word' id='word_1_39' title='bbox 289 1383 345 1466; x_wconf 86' lang='lat' dir='ltr'>Ve,</span> <span class='ocrx_word' id='word_1_40' title='bbox 369 1407 407 1450; x_wconf 85' lang='lat' dir='ltr'>ve</span> <span class='ocrx_word' id='word_1_41' title='bbox 428 1386 509 1450; x_wconf 91' lang='lat' dir='ltr'>mihi</span> <span class='ocrx_word' id='word_1_42' title='bbox 530 1387 653 1467; x_wconf 84' lang='lat' dir='ltr'>misere,</span> <span class='ocrx_word' id='word_1_43' title='bbox 676 1412 715 1453; x_wconf 84' lang='lat' dir='ltr'>ve</span> <span class='ocrx_word' id='word_1_44' title='bbox 736 1390 816 1454; x_wconf 88' lang='lat' dir='ltr'>mihi</span> <span class='ocrx_word' id='word_1_45' title='bbox 839 1393 987 1473; x_wconf 89' lang='lat' dir='ltr'>desolate,</span> 
     </span>
     <span class='ocr_line' id='line_1_9' title="bbox 288 1491 936 1574; baseline 0.012 -19"><span class='ocrx_word' id='word_1_46' title='bbox 288 1491 333 1555; x_wconf 78' lang='lat' dir='ltr'>Et</span> <span class='ocrx_word' id='word_1_47' title='bbox 355 1492 392 1555; x_wconf 90' lang='lat' dir='ltr'>de</span> <span class='ocrx_word' id='word_1_48' title='bbox 414 1497 516 1557; x_wconf 87' lang='lat' dir='ltr'>morte</span> <span class='ocrx_word' id='word_1_49' title='bbox 539 1493 658 1558; x_wconf 88' lang='lat' dir='ltr'>domini</span> <span class='ocrx_word' id='word_1_50' title='bbox 680 1495 743 1560; x_wconf 87' lang='lat' dir='ltr'>mei</span> <span class='ocrx_word' id='word_1_51' title='bbox 766 1496 936 1574; x_wconf 81' lang='lat' dir='ltr'>tribulato!</span> 
     </span>
     <span class='ocr_line' id='line_1_10' title="bbox 288 1594 1106 1687; baseline 0.013 -27"><span class='ocrx_word' id='word_1_52' title='bbox 288 1594 335 1662; x_wconf 86' lang='lat' dir='ltr'>Ve</span> <span class='ocrx_word' id='word_1_53' title='bbox 355 1597 445 1677; x_wconf 88' lang='lat' dir='ltr'>mihi,</span> <span class='ocrx_word' id='word_1_54' title='bbox 469 1619 553 1661; x_wconf 92' lang='lat' dir='ltr'>nunc</span> <span class='ocrx_word' id='word_1_55' title='bbox 575 1599 694 1664; x_wconf 91' lang='lat' dir='ltr'>occisus</span> <span class='ocrx_word' id='word_1_56' title='bbox 718 1605 766 1665; x_wconf 90' lang='lat' dir='ltr'>est</span> <span class='ocrx_word' id='word_1_57' title='bbox 786 1601 887 1667; x_wconf 91' lang='lat' dir='ltr'>dulcis</span> <span class='ocrx_word' id='word_1_58' title='bbox 909 1603 1106 1687; x_wconf 86' lang='lat' dir='ltr'>consolator,</span> 
     </span>
     <span class='ocr_line' id='line_1_11' title="bbox 289 1700 1068 1789; baseline 0.013 -25"><span class='ocrx_word' id='word_1_59' title='bbox 289 1700 363 1766; x_wconf 90' lang='lat' dir='ltr'>Pius</span> <span class='ocrx_word' id='word_1_60' title='bbox 384 1701 498 1786; x_wconf 82' lang='lat' dir='ltr'>hospes</span> <span class='ocrx_word' id='word_1_61' title='bbox 521 1707 616 1787; x_wconf 86' lang='lat' dir='ltr'>atque</span> <span class='ocrx_word' id='word_1_62' title='bbox 637 1708 728 1788; x_wconf 88' lang='lat' dir='ltr'>pater</span> <span class='ocrx_word' id='word_1_63' title='bbox 753 1728 841 1771; x_wconf 89' lang='lat' dir='ltr'>meus</span> <span class='ocrx_word' id='word_1_64' title='bbox 863 1711 896 1771; x_wconf 92' lang='lat' dir='ltr'>et</span> <span class='ocrx_word' id='word_1_65' title='bbox 910 1708 1068 1789; x_wconf 84' lang='lat' dir='ltr'>salvator3</span> 
     </span>
     <span class='ocr_line' id='line_1_12' title="bbox 288 1803 1047 1895; baseline 0.012 -25"><span class='ocrx_word' id='word_1_66' title='bbox 288 1803 315 1869; x_wconf 93' lang='lat'>0</span> <span class='ocrx_word' id='word_1_67' title='bbox 338 1807 463 1872; x_wconf 90' lang='lat' dir='ltr'>domine</span> <span class='ocrx_word' id='word_1_68' title='bbox 485 1808 673 1887; x_wconf 88' lang='lat' dir='ltr'>dulcissime,</span> <span class='ocrx_word' id='word_1_69' title='bbox 697 1831 715 1873; x_wconf 93' lang='lat' dir='ltr'>o</span> <span class='ocrx_word' id='word_1_70' title='bbox 739 1832 828 1876; x_wconf 86' lang='lat' dir='ltr'>amor</span> <span class='ocrx_word' id='word_1_71' title='bbox 849 1812 952 1877; x_wconf 87' lang='lat' dir='ltr'>cordis</span> <span class='ocrx_word' id='word_1_72' title='bbox 975 1816 1047 1895; x_wconf 89' lang='lat' dir='ltr'>mei,</span> 
     </span>
     <span class='ocr_line' id='line_1_13' title="bbox 207 1910 1149 2005; baseline 0.008 -31"><span class='ocrx_word' id='word_1_73' title='bbox 207 1928 261 1965; x_wconf 70' lang='lat'>⁶⁸4⁶</span> <span class='ocrx_word' id='word_1_74' title='bbox 289 1910 316 1974; x_wconf 90' lang='lat'>0</span> <span class='ocrx_word' id='word_1_75' title='bbox 337 1911 451 1996; x_wconf 87' lang='lat' dir='ltr'>hospes</span> <span class='ocrx_word' id='word_1_76' title='bbox 474 1912 699 1992; x_wconf 89' lang='lat' dir='ltr'>amantissime,</span> <span class='ocrx_word' id='word_1_77' title='bbox 723 1936 741 1978; x_wconf 93' lang='lat' dir='ltr'>o</span> <span class='ocrx_word' id='word_1_78' title='bbox 765 1916 851 1980; x_wconf 87' lang='lat' dir='ltr'>salus</span> <span class='ocrx_word' id='word_1_79' title='bbox 874 1940 942 1983; x_wconf 88' lang='lat' dir='ltr'>mee</span> <span class='ocrx_word' id='word_1_80' title='bbox 964 1921 1049 2005; x_wconf 89' lang='lat' dir='ltr'>spei!</span> <span class='ocrx_word' id='word_1_81' title='bbox 1143 1971 1149 1982; x_wconf 87' lang='lat'>.</span> 
     </span>
     <span class='ocr_line' id='line_1_14' title="bbox 286 2016 1108 2108; baseline 0.015 -27"><span class='ocrx_word' id='word_1_82' title='bbox 286 2016 388 2082; x_wconf 82' lang='lat' dir='ltr'>Arne</span> <span class='ocrx_word' id='word_1_83' title='bbox 411 2019 503 2083; x_wconf 88' lang='lat' dir='ltr'>modo</span> <span class='ocrx_word' id='word_1_84' title='bbox 525 2019 680 2103; x_wconf 88' lang='lat' dir='ltr'>separaris</span> <span class='ocrx_word' id='word_1_85' title='bbox 702 2042 759 2104; x_wconf 87' lang='lat' dir='ltr'>per</span> <span class='ocrx_word' id='word_1_86' title='bbox 781 2020 939 2087; x_wconf 84' lang='lat' dir='ltr'>crudelem</span> <span class='ocrx_word' id='word_1_87' title='bbox 961 2030 1108 2108; x_wconf 91' lang='lat' dir='ltr'>mortem,</span> 
     </span>
     <span class='ocr_line' id='line_1_15' title="bbox 287 2122 983 2208; baseline 0.01 -22"><span class='ocrx_word' id='word_1_88' title='bbox 287 2122 417 2208; x_wconf 76' lang='lat' dir='ltr'>Tuoque</span> <span class='ocrx_word' id='word_1_89' title='bbox 438 2124 552 2188; x_wconf 87' lang='lat' dir='ltr'>solatio</span> <span class='ocrx_word' id='word_1_90' title='bbox 575 2147 625 2190; x_wconf 91' lang='lat' dir='ltr'>me</span> <span class='ocrx_word' id='word_1_91' title='bbox 646 2124 726 2190; x_wconf 82' lang='lat' dir='ltr'>facis</span> <span class='ocrx_word' id='word_1_92' title='bbox 746 2126 810 2190; x_wconf 90' lang='lat' dir='ltr'>iam</span> <span class='ocrx_word' id='word_1_93' title='bbox 833 2132 983 2193; x_wconf 84' lang='lat' dir='ltr'>exortem.</span> 
     </span>
     <span class='ocr_line' id='line_1_16' title="bbox 286 2226 1111 2318; baseline 0.013 -27"><span class='ocrx_word' id='word_1_94' title='bbox 286 2226 335 2294; x_wconf 91' lang='lat' dir='ltr'>Ve</span> <span class='ocrx_word' id='word_1_95' title='bbox 354 2229 445 2308; x_wconf 89' lang='lat' dir='ltr'>mihi,</span> <span class='ocrx_word' id='word_1_96' title='bbox 467 2229 532 2294; x_wconf 87' lang='lat' dir='ltr'>iam</span> <span class='ocrx_word' id='word_1_97' title='bbox 554 2229 729 2314; x_wconf 90' lang='lat' dir='ltr'>hospitium</span> <span class='ocrx_word' id='word_1_98' title='bbox 751 2254 857 2297; x_wconf 93' lang='lat' dir='ltr'>meum</span> <span class='ocrx_word' id='word_1_99' title='bbox 878 2256 943 2299; x_wconf 88' lang='lat' dir='ltr'>non</span> <span class='ocrx_word' id='word_1_100' title='bbox 965 2234 1111 2318; x_wconf 82' lang='lat' dir='ltr'>intrabis,</span> 
     </span>
     <span class='ocr_line' id='line_1_17' title="bbox 287 2335 977 2419; baseline 0.009 -21"><span class='ocrx_word' id='word_1_101' title='bbox 287 2335 433 2419; x_wconf 84' lang='lat' dir='ltr'>Amplius</span> <span class='ocrx_word' id='word_1_102' title='bbox 456 2337 606 2400; x_wconf 89' lang='lat' dir='ltr'>solatium</span> <span class='ocrx_word' id='word_1_103' title='bbox 627 2337 751 2401; x_wconf 87' lang='lat' dir='ltr'>nullum</span> <span class='ocrx_word' id='word_1_104' title='bbox 772 2336 854 2401; x_wconf 83' lang='lat' dir='ltr'>inihi</span> <span class='ocrx_word' id='word_1_105' title='bbox 876 2339 977 2404; x_wconf 85' lang='lat' dir='ltr'>dabis.</span> 
     </span>
     <span class='ocr_line' id='line_1_18' title="bbox 208 2438 970 2526; baseline 0.005 -22"><span class='ocrx_word' id='word_1_106' title='bbox 208 2457 261 2496; x_wconf 73' lang='lat'>⁶⁶⁵⁰</span> <span class='ocrx_word' id='word_1_107' title='bbox 287 2438 335 2506; x_wconf 88' lang='lat' dir='ltr'>Vc</span> <span class='ocrx_word' id='word_1_108' title='bbox 356 2441 447 2521; x_wconf 90' lang='lat' dir='ltr'>mihi,</span> <span class='ocrx_word' id='word_1_109' title='bbox 469 2441 533 2506; x_wconf 89' lang='lat' dir='ltr'>iam</span> <span class='ocrx_word' id='word_1_110' title='bbox 556 2443 697 2508; x_wconf 81' lang='lat' dir='ltr'>decatero</span> <span class='ocrx_word' id='word_1_111' title='bbox 719 2465 777 2526; x_wconf 91' lang='lat' dir='ltr'>pro</span> <span class='ocrx_word' id='word_1_112' title='bbox 801 2443 970 2509; x_wconf 87' lang='lat' dir='ltr'>refectione</span> 
     </span>
     <span class='ocr_line' id='line_1_19' title="bbox 287 2544 980 2634; baseline 0.004 -25"><span class='ocrx_word' id='word_1_113' title='bbox 287 2544 356 2610; x_wconf 85' lang='lat' dir='ltr'>&#39;Pua</span> <span class='ocrx_word' id='word_1_114' title='bbox 372 2569 440 2634; x_wconf 29' lang='lat' dir='ltr'>‚non</span> <span class='ocrx_word' id='word_1_115' title='bbox 463 2545 659 2615; x_wconf 87' lang='lat' dir='ltr'>sollicitabor</span> <span class='ocrx_word' id='word_1_116' title='bbox 680 2547 715 2611; x_wconf 93' lang='lat' dir='ltr'>in</span> <span class='ocrx_word' id='word_1_117' title='bbox 738 2547 980 2614; x_wconf 86' lang='lat' dir='ltr'>ministratione.</span> 
     </span>
     <span class='ocr_line' id='line_1_20' title="bbox 286 2650 1063 2737; baseline 0.004 -22"><span class='ocrx_word' id='word_1_118' title='bbox 286 2650 357 2716; x_wconf 90' lang='lat' dir='ltr'>Heu</span> <span class='ocrx_word' id='word_1_119' title='bbox 372 2655 437 2715; x_wconf 88' lang='lat' dir='ltr'>me!</span> <span class='ocrx_word' id='word_1_120' title='bbox 459 2651 525 2716; x_wconf 89' lang='lat' dir='ltr'>iam</span> <span class='ocrx_word' id='word_1_121' title='bbox 538 2653 586 2715; x_wconf 93' lang='lat' dir='ltr'>tui</span> <span class='ocrx_word' id='word_1_122' title='bbox 608 2673 715 2737; x_wconf 81' lang='lat' dir='ltr'>cogor,</span> <span class='ocrx_word' id='word_1_123' title='bbox 737 2652 849 2717; x_wconf 85' lang='lat' dir='ltr'>dilecte</span> <span class='ocrx_word' id='word_1_124' title='bbox 871 2654 1063 2733; x_wconf 19' lang='lat' dir='ltr'>miscarere,</span> 
     </span>
     <span class='ocr_line' id='line_1_21' title="bbox 287 2756 1049 2825; baseline 0.004 -4"><span class='ocrx_word' id='word_1_125' title='bbox 287 2756 331 2821; x_wconf 83' lang='lat' dir='ltr'>Et</span> <span class='ocrx_word' id='word_1_126' title='bbox 352 2761 441 2823; x_wconf 88' lang='lat' dir='ltr'>tuam</span> <span class='ocrx_word' id='word_1_127' title='bbox 463 2757 585 2822; x_wconf 79' lang='lat' dir='ltr'>dulcem</span> <span class='ocrx_word' id='word_1_128' title='bbox 607 2757 720 2822; x_wconf 84' lang='lat' dir='ltr'>faciem</span> <span class='ocrx_word' id='word_1_129' title='bbox 742 2759 827 2822; x_wconf 91' lang='lat' dir='ltr'>ultra</span> <span class='ocrx_word' id='word_1_130' title='bbox 849 2782 914 2824; x_wconf 89' lang='lat' dir='ltr'>non</span> <span class='ocrx_word' id='word_1_131' title='bbox 937 2760 1049 2825; x_wconf 85' lang='lat' dir='ltr'>videre.</span> 
     </span>
     <span class='ocr_line' id='line_1_22' title="bbox 287 2860 952 2949; baseline 0.003 -23"><span class='ocrx_word' id='word_1_132' title='bbox 287 2860 399 2927; x_wconf 81' lang='lat' dir='ltr'>Grates</span> <span class='ocrx_word' id='word_1_133' title='bbox 421 2862 481 2927; x_wconf 87' lang='lat' dir='ltr'>tibi</span> <span class='ocrx_word' id='word_1_134' title='bbox 503 2863 615 2940; x_wconf 82' lang='lat' dir='ltr'>refero,</span> <span class='ocrx_word' id='word_1_135' title='bbox 638 2861 714 2927; x_wconf 83' lang='lat' dir='ltr'>Jesu</span> <span class='ocrx_word' id='word_1_136' title='bbox 738 2864 783 2927; x_wconf 90' lang='lat' dir='ltr'>mi</span> <span class='ocrx_word' id='word_1_137' title='bbox 805 2861 952 2949; x_wconf 79' lang='lat' dir='ltr'>benigne,</span> 
     </span>
     <span class='ocr_line' id='line_1_23' title="bbox 208 2967 1072 3055; baseline 0.006 -26"><span class='ocrx_word' id='word_1_138' title='bbox 208 2984 259 3022; x_wconf 73' lang='lat'>⁶⁶⁵⁶</span> <span class='ocrx_word' id='word_1_139' title='bbox 287 2967 334 3032; x_wconf 89' lang='lat' dir='ltr'>De</span> <span class='ocrx_word' id='word_1_140' title='bbox 354 2968 465 3032; x_wconf 90' lang='lat' dir='ltr'>multis</span> <span class='ocrx_word' id='word_1_141' title='bbox 487 2968 646 3033; x_wconf 87' lang='lat' dir='ltr'>beneficiis</span> <span class='ocrx_word' id='word_1_142' title='bbox 669 2990 730 3052; x_wconf 90' lang='lat' dir='ltr'>que</span> <span class='ocrx_word' id='word_1_143' title='bbox 750 2969 831 3033; x_wconf 92' lang='lat' dir='ltr'>mihi</span> <span class='ocrx_word' id='word_1_144' title='bbox 853 2974 920 3034; x_wconf 87' lang='lat' dir='ltr'>tam</span> <span class='ocrx_word' id='word_1_145' title='bbox 941 2969 1072 3055; x_wconf 82' lang='lat' dir='ltr'>indigne</span> 
     </span>
     <span class='ocr_line' id='line_1_24' title="bbox 286 3070 1134 3158; baseline 0.002 -21"><span class='ocrx_word' id='word_1_146' title='bbox 286 3070 469 3157; x_wconf 89' lang='lat' dir='ltr'>Impendere</span> <span class='ocrx_word' id='word_1_147' title='bbox 491 3074 640 3158; x_wconf 82' lang='lat' dir='ltr'>dignatus</span> <span class='ocrx_word' id='word_1_148' title='bbox 664 3096 706 3153; x_wconf 91' lang='lat' dir='ltr'>es,</span> <span class='ocrx_word' id='word_1_149' title='bbox 729 3096 805 3137; x_wconf 90' lang='lat' dir='ltr'>nam</span> <span class='ocrx_word' id='word_1_150' title='bbox 827 3074 922 3139; x_wconf 88' lang='lat' dir='ltr'>verbo</span> <span class='ocrx_word' id='word_1_151' title='bbox 944 3097 995 3139; x_wconf 88' lang='lat' dir='ltr'>me</span> <span class='ocrx_word' id='word_1_152' title='bbox 1016 3075 1134 3139; x_wconf 78' lang='lat' dir='ltr'>curasti</span> 
     </span>
     <span class='ocr_line' id='line_1_25' title="bbox 286 3177 1043 3257; baseline 0.004 -16"><span class='ocrx_word' id='word_1_153' title='bbox 286 3178 337 3241; x_wconf 88' lang='lat' dir='ltr'>Ab</span> <span class='ocrx_word' id='word_1_154' title='bbox 359 3178 520 3242; x_wconf 88' lang='lat' dir='ltr'>immensis</span> <span class='ocrx_word' id='word_1_155' title='bbox 541 3177 693 3257; x_wconf 84' lang='lat' dir='ltr'>febribus,</span> <span class='ocrx_word' id='word_1_156' title='bbox 717 3201 736 3242; x_wconf 87' lang='lat' dir='ltr'>a</span> <span class='ocrx_word' id='word_1_157' title='bbox 758 3183 860 3243; x_wconf 88' lang='lat' dir='ltr'>morte</span> <span class='ocrx_word' id='word_1_158' title='bbox 882 3180 1043 3244; x_wconf 89' lang='lat' dir='ltr'>suscitasti</span> 
     </span>
     <span class='ocr_line' id='line_1_26' title="bbox 286 3280 1083 3356; baseline 0.006 -12"><span class='ocrx_word' id='word_1_159' title='bbox 286 3280 432 3347; x_wconf 85' lang='lat' dir='ltr'>Fratrem</span> <span class='ocrx_word' id='word_1_160' title='bbox 453 3304 558 3347; x_wconf 92' lang='lat' dir='ltr'>meum</span> <span class='ocrx_word' id='word_1_161' title='bbox 580 3281 743 3356; x_wconf 81' lang='lat' dir='ltr'>Lazarum,</span> <span class='ocrx_word' id='word_1_162' title='bbox 767 3305 906 3347; x_wconf 90' lang='lat' dir='ltr'>sororem</span> <span class='ocrx_word' id='word_1_163' title='bbox 928 3285 1083 3349; x_wconf 87' lang='lat' dir='ltr'>revocasti</span> 
     </span>
     <span class='ocr_line' id='line_1_27' title="bbox 287 3386 1092 3471; baseline 0.006 -22"><span class='ocrx_word' id='word_1_164' title='bbox 287 3387 338 3449; x_wconf 84' lang='lat' dir='ltr'>Ad</span> <span class='ocrx_word' id='word_1_165' title='bbox 360 3410 466 3451; x_wconf 85' lang='lat' dir='ltr'>veram</span> <span class='ocrx_word' id='word_1_166' title='bbox 489 3386 697 3471; x_wconf 87' lang='lat' dir='ltr'>penitentiam</span> <span class='ocrx_word' id='word_1_167' title='bbox 719 3388 910 3471; x_wconf 87' lang='lat' dir='ltr'>eandemque</span> <span class='ocrx_word' id='word_1_168' title='bbox 932 3390 1092 3454; x_wconf 88' lang='lat' dir='ltr'>mundasti</span> 
     </span>
     <span class='ocr_line' id='line_1_28' title="bbox 209 3489 964 3578; baseline 0.013 -30"><span class='ocrx_word' id='word_1_169' title='bbox 209 3511 261 3550; x_wconf 79' lang='lat' dir='ltr'>seeo</span> <span class='ocrx_word' id='word_1_170' title='bbox 288 3489 415 3576; x_wconf 81' lang='lat' dir='ltr'>Septem</span> <span class='ocrx_word' id='word_1_171' title='bbox 437 3515 456 3556; x_wconf 91' lang='lat' dir='ltr'>a</span> <span class='ocrx_word' id='word_1_172' title='bbox 478 3493 640 3572; x_wconf 90' lang='lat' dir='ltr'>demoniis,</span> <span class='ocrx_word' id='word_1_173' title='bbox 664 3515 786 3558; x_wconf 89' lang='lat' dir='ltr'>necnon</span> <span class='ocrx_word' id='word_1_174' title='bbox 808 3494 964 3578; x_wconf 88' lang='lat' dir='ltr'>hospitari</span> 
     </span>
     <span class='ocr_line' id='line_1_29' title="bbox 285 3595 1089 3689; baseline 0.005 -30"><span class='ocrx_word' id='word_1_175' title='bbox 285 3595 444 3681; x_wconf 82' lang='lat' dir='ltr'>Dignatus</span> <span class='ocrx_word' id='word_1_176' title='bbox 466 3619 498 3660; x_wconf 90' lang='lat' dir='ltr'>es</span> <span class='ocrx_word' id='word_1_177' title='bbox 520 3596 554 3661; x_wconf 90' lang='lat' dir='ltr'>in</span> <span class='ocrx_word' id='word_1_178' title='bbox 577 3598 669 3661; x_wconf 92' lang='lat' dir='ltr'>domo</span> <span class='ocrx_word' id='word_1_179' title='bbox 692 3619 762 3661; x_wconf 90' lang='lat' dir='ltr'>mea</span> <span class='ocrx_word' id='word_1_180' title='bbox 783 3597 925 3682; x_wconf 85' lang='lat' dir='ltr'>cibisque</span> <span class='ocrx_word' id='word_1_181' title='bbox 946 3599 1089 3689; x_wconf 85' lang='lat' dir='ltr'>recreari,</span> 
     </span>
     <span class='ocr_line' id='line_1_30' title="bbox 285 3700 1035 3785; baseline 0.005 -20"><span class='ocrx_word' id='word_1_182' title='bbox 285 3700 361 3781; x_wconf 79' lang='lat' dir='ltr'>Que,</span> <span class='ocrx_word' id='word_1_183' title='bbox 383 3701 429 3766; x_wconf 92' lang='lat' dir='ltr'>mi</span> <span class='ocrx_word' id='word_1_184' title='bbox 451 3702 573 3781; x_wconf 89' lang='lat' dir='ltr'>dilecte,</span> <span class='ocrx_word' id='word_1_185' title='bbox 596 3706 740 3785; x_wconf 85' lang='lat' dir='ltr'>poteram</span> <span class='ocrx_word' id='word_1_186' title='bbox 762 3701 823 3767; x_wconf 91' lang='lat' dir='ltr'>tibi</span> <span class='ocrx_word' id='word_1_187' title='bbox 844 3702 1035 3784; x_wconf 88' lang='lat' dir='ltr'>ministrare,</span> 
     </span>
     <span class='ocr_line' id='line_1_31' title="bbox 284 3808 1071 3894; baseline -0.001 -21"><span class='ocrx_word' id='word_1_188' title='bbox 284 3809 327 3873; x_wconf 85' lang='lat' dir='ltr'>Et</span> <span class='ocrx_word' id='word_1_189' title='bbox 350 3831 422 3893; x_wconf 87' lang='lat' dir='ltr'>sepe</span> <span class='ocrx_word' id='word_1_190' title='bbox 446 3831 494 3874; x_wconf 91' lang='lat' dir='ltr'>me</span> <span class='ocrx_word' id='word_1_191' title='bbox 516 3810 665 3894; x_wconf 76' lang='lat' dir='ltr'>dignatus</span> <span class='ocrx_word' id='word_1_192' title='bbox 688 3831 720 3873; x_wconf 90' lang='lat' dir='ltr'>es</span> <span class='ocrx_word' id='word_1_193' title='bbox 744 3809 910 3873; x_wconf 87' lang='lat' dir='ltr'>consolans</span> <span class='ocrx_word' id='word_1_194' title='bbox 932 3808 1071 3877; x_wconf 75' lang='lat' dir='ltr'>visitare.</span> 
     </span>
     <span class='ocr_line' id='line_1_32' title="bbox 284 3911 1175 3997; baseline 0 -20"><span class='ocrx_word' id='word_1_195' title='bbox 284 3911 355 3978; x_wconf 90' lang='lat' dir='ltr'>Heu</span> <span class='ocrx_word' id='word_1_196' title='bbox 376 3912 444 3978; x_wconf 83' lang='lat' dir='ltr'>me!</span> <span class='ocrx_word' id='word_1_197' title='bbox 467 3915 560 3979; x_wconf 94' lang='lat' dir='ltr'>modo</span> <span class='ocrx_word' id='word_1_198' title='bbox 582 3917 638 3977; x_wconf 91' lang='lat' dir='ltr'>tua</span> <span class='ocrx_word' id='word_1_199' title='bbox 660 3936 745 3978; x_wconf 89' lang='lat' dir='ltr'>mors</span> <span class='ocrx_word' id='word_1_200' title='bbox 768 3936 819 3978; x_wconf 88' lang='lat' dir='ltr'>me</span> <span class='ocrx_word' id='word_1_201' title='bbox 841 3914 947 3997; x_wconf 81' lang='lat' dir='ltr'>privat</span> <span class='ocrx_word' id='word_1_202' title='bbox 969 3913 1175 3994; x_wconf 82' lang='lat' dir='ltr'>tantodono,</span> 
     </span>
     <span class='ocr_line' id='line_1_33' title="bbox 205 4018 1041 4103; baseline 0.002 -22"><span class='ocrx_word' id='word_1_203' title='bbox 205 4036 257 4075; x_wconf 73' lang='lat'>⁵⁶⁶⁶</span> <span class='ocrx_word' id='word_1_204' title='bbox 283 4018 327 4083; x_wconf 81' lang='lat' dir='ltr'>Et</span> <span class='ocrx_word' id='word_1_205' title='bbox 349 4023 475 4103; x_wconf 87' lang='lat' dir='ltr'>separat</span> <span class='ocrx_word' id='word_1_206' title='bbox 497 4041 547 4084; x_wconf 91' lang='lat' dir='ltr'>me</span> <span class='ocrx_word' id='word_1_207' title='bbox 568 4020 715 4084; x_wconf 88' lang='lat' dir='ltr'>miseram</span> <span class='ocrx_word' id='word_1_208' title='bbox 739 4041 759 4083; x_wconf 89' lang='lat' dir='ltr'>a</span> <span class='ocrx_word' id='word_1_209' title='bbox 781 4023 813 4084; x_wconf 89' lang='lat' dir='ltr'>te</span> <span class='ocrx_word' id='word_1_210' title='bbox 835 4024 926 4102; x_wconf 88' lang='lat' dir='ltr'>patre</span> <span class='ocrx_word' id='word_1_211' title='bbox 948 4019 1041 4084; x_wconf 90' lang='lat' dir='ltr'>bono.</span> 
     </span>
     <span class='ocr_line' id='line_1_34' title="bbox 284 4122 1026 4208; baseline 0 -20"><span class='ocrx_word' id='word_1_212' title='bbox 284 4122 311 4188; x_wconf 93' lang='lat'>0</span> <span class='ocrx_word' id='word_1_213' title='bbox 335 4122 434 4189; x_wconf 90' lang='lat' dir='ltr'>dulcis</span> <span class='ocrx_word' id='word_1_214' title='bbox 457 4125 571 4207; x_wconf 88' lang='lat' dir='ltr'>hospes</span> <span class='ocrx_word' id='word_1_215' title='bbox 594 4125 698 4188; x_wconf 85' lang='lat' dir='ltr'>anime</span> <span class='ocrx_word' id='word_1_216' title='bbox 719 4145 797 4202; x_wconf 90' lang='lat' dir='ltr'>mee,</span> <span class='ocrx_word' id='word_1_217' title='bbox 820 4122 899 4188; x_wconf 91' lang='lat' dir='ltr'>Jesu</span> <span class='ocrx_word' id='word_1_218' title='bbox 919 4123 981 4208; x_wconf 88' lang='lat' dir='ltr'>pie,</span> <span class='ocrx_word' id='word_1_219' title='bbox 1023 4170 1026 4176; x_wconf 83' lang='lat'><em>-</em></span> 
     </span>
     <span class='ocr_line' id='line_1_35' title="bbox 283 4226 926 4311; baseline 0 -18"><span class='ocrx_word' id='word_1_220' title='bbox 283 4226 310 4293; x_wconf 92' lang='grc'><strong>0</strong></span> <span class='ocrx_word' id='word_1_221' title='bbox 332 4234 369 4294; x_wconf 91' lang='lat' dir='ltr'>tu</span> <span class='ocrx_word' id='word_1_222' title='bbox 390 4229 437 4293; x_wconf 83' lang='lat' dir='ltr'>fili</span> <span class='ocrx_word' id='word_1_223' title='bbox 460 4229 593 4311; x_wconf 72' lang='lat' dir='ltr'>virginis</span> <span class='ocrx_word' id='word_1_224' title='bbox 615 4229 790 4294; x_wconf 86' lang='lat' dir='ltr'>castissime</span> <span class='ocrx_word' id='word_1_225' title='bbox 815 4228 926 4306; x_wconf 86' lang='lat' dir='ltr'>Mario,</span> 
     </span>
     <span class='ocr_line' id='line_1_36' title="bbox 283 4332 1057 4419; baseline 0.003 -21"><span class='ocrx_word' id='word_1_226' title='bbox 283 4332 310 4398; x_wconf 91' lang='grc' dir='ltr'>Ο</span> <span class='ocrx_word' id='word_1_227' title='bbox 334 4358 389 4400; x_wconf 83' lang='lat' dir='ltr'>rex</span> <span class='ocrx_word' id='word_1_228' title='bbox 412 4356 523 4419; x_wconf 84' lang='lat' dir='ltr'>regum</span> <span class='ocrx_word' id='word_1_229' title='bbox 545 4336 696 4414; x_wconf 89' lang='lat' dir='ltr'>omnium,</span> <span class='ocrx_word' id='word_1_230' title='bbox 719 4357 738 4398; x_wconf 94' lang='lat' dir='ltr'>o</span> <span class='ocrx_word' id='word_1_231' title='bbox 762 4334 887 4399; x_wconf 89' lang='lat' dir='ltr'>domine</span> <span class='ocrx_word' id='word_1_232' title='bbox 909 4334 1057 4415; x_wconf 88' lang='lat' dir='ltr'>celorum,</span> 
     </span>
     <span class='ocr_line' id='line_1_37' title="bbox 282 4430 1075 4527; baseline -0.004 -20"><span class='ocrx_word' id='word_1_233' title='bbox 282 4438 309 4507; x_wconf 91' lang='grc' dir='ltr'>Ο</span> <span class='ocrx_word' id='word_1_234' title='bbox 332 4430 510 4507; x_wconf 88' lang='lat' dir='ltr'>consolator</span> <span class='ocrx_word' id='word_1_235' title='bbox 531 4440 650 4527; x_wconf 93' lang='lat' dir='ltr'>optime</span> <span class='ocrx_word' id='word_1_236' title='bbox 671 4443 858 4505; x_wconf 88' lang='lat' dir='ltr'>cunctorum</span> <span class='ocrx_word' id='word_1_237' title='bbox 878 4438 1075 4521; x_wconf 87' lang='lat' dir='ltr'>miserorum,</span> 
     </span>
    </p>
   </div>
   <div class='ocr_carea' id='block_1_4' title="bbox 0 0 1504 5125">
    <p class='ocr_par' dir='ltr' id='par_1_4' title="bbox 0 0 1504 5125">
     <span class='ocr_line' id='line_1_38' title="bbox 0 0 1504 5125; baseline 0 0"><span class='ocrx_word' id='word_1_238' title='bbox 0 0 1504 5125; x_wconf 95' lang='lat' dir='ltr'> </span> 
     </span>
    </p>
   </div>
  </div>
 </body>
</html>
