<?xml version="1.0" encoding="UTF-8"?>
<!DOCTYPE html PUBLIC "-//W3C//DTD XHTML 1.0 Transitional//EN"
    "http://www.w3.org/TR/xhtml1/DTD/xhtml1-transitional.dtd">
<html xmlns="http://www.w3.org/1999/xhtml" xml:lang="en" lang="en">
 <head>
  <title>
</title>
<meta http-equiv="Content-Type" content="text/html;charset=utf-8" />
  <meta name='ocr-system' content='tesseract 3.04.00' />
  <meta name='ocr-capabilities' content='ocr_page ocr_carea ocr_par ocr_line ocrx_word'/>
</head>
<body>
  <div class='ocr_page' id='page_1' title='image "./vitabeatevirgin02vggoog_0141.png"; bbox 0 0 3000 5125; ppageno 0'>
   <div class='ocr_carea' id='block_1_1' title="bbox 697 384 761 453">
    <p class='ocr_par' dir='ltr' id='par_1_1' title="bbox 697 384 761 453">
     <span class='ocr_line' id='line_1_1' title="bbox 697 384 761 453; baseline 0.016 -1"><span class='ocrx_word' id='word_1_1' title='bbox 697 384 761 453; x_wconf 76' lang='lat'><strong>129</strong></span> 
     </span>
    </p>
   </div>
   <div class='ocr_carea' id='block_1_2' title="bbox 225 558 1070 753">
    <p class='ocr_par' dir='ltr' id='par_1_2' title="bbox 225 558 1070 753">
     <span class='ocr_line' id='line_1_2' title="bbox 310 558 1070 649; baseline 0.005 -24"><span class='ocrx_word' id='word_1_2' title='bbox 310 558 403 625; x_wconf 89' lang='lat' dir='ltr'><strong>Jesus</strong></span> <span class='ocrx_word' id='word_1_3' title='bbox 425 559 490 624; x_wconf 86' lang='lat' dir='ltr'><strong>ait:</strong></span> <span class='ocrx_word' id='word_1_4' title='bbox 517 558 610 625; x_wconf 85' lang='lat' dir='ltr'><strong>›Sine</strong></span> <span class='ocrx_word' id='word_1_5' title='bbox 632 562 726 627; x_wconf 88' lang='lat' dir='ltr'><strong>modo</strong></span> <span class='ocrx_word' id='word_1_6' title='bbox 748 562 794 627; x_wconf 89' lang='lat' dir='ltr'><strong>sic</strong></span> <span class='ocrx_word' id='word_1_7' title='bbox 815 585 873 627; x_wconf 88' lang='lat' dir='ltr'><strong>nos</strong></span> <span class='ocrx_word' id='word_1_8' title='bbox 898 562 1070 649; x_wconf 88' lang='lat' dir='ltr'><strong>adimplere</strong></span> 
     </span>
     <span class='ocr_line' id='line_1_3' title="bbox 225 665 1017 753; baseline 0.004 -23"><span class='ocrx_word' id='word_1_9' title='bbox 225 684 285 721; x_wconf 68' lang='lat'><strong>8⁶⁷⁶</strong></span> <span class='ocrx_word' id='word_1_10' title='bbox 312 665 468 731; x_wconf 85' lang='lat' dir='ltr'><strong>Condecet</strong></span> <span class='ocrx_word' id='word_1_11' title='bbox 490 666 646 731; x_wconf 86' lang='lat' dir='ltr'><strong>iustitiam</strong></span> <span class='ocrx_word' id='word_1_12' title='bbox 669 671 880 753; x_wconf 84' lang='lat' dir='ltr'><strong>preceptaque</strong></span> <span class='ocrx_word' id='word_1_13' title='bbox 902 672 1017 734; x_wconf 89' lang='lat' dir='ltr'><strong>tenere.</strong></span> 
     </span>
    </p>
   </div>
   <div class='ocr_carea' id='block_1_3' title="bbox 403 982 1051 1069">
    <p class='ocr_par' dir='ltr' id='par_1_3' title="bbox 403 982 1051 1069">
     <span class='ocr_line' id='line_1_4' title="bbox 403 982 1051 1069; baseline 0.006 -14"><span class='ocrx_word' id='word_1_14' title='bbox 403 982 507 1069; x_wconf 82' lang='lat' dir='ltr'><strong>Quod</strong></span> <span class='ocrx_word' id='word_1_15' title='bbox 536 982 636 1056; x_wconf 91' lang='lat' dir='ltr'><strong>unda</strong></span> <span class='ocrx_word' id='word_1_16' title='bbox 662 983 840 1059; x_wconf 87' lang='lat' dir='ltr'><strong>Jordanis</strong></span> <span class='ocrx_word' id='word_1_17' title='bbox 868 985 1051 1059; x_wconf 76' lang='lat' dir='ltr'><strong>substitit.</strong></span> 
     </span>
    </p>
   </div>
   <div class='ocr_carea' id='block_1_4' title="bbox 228 1191 1132 1789">
    <p class='ocr_par' dir='ltr' id='par_1_4' title="bbox 309 1191 1102 1276">
     <span class='ocr_line' id='line_1_5' title="bbox 309 1191 1102 1276; baseline 0.006 -19"><span class='ocrx_word' id='word_1_18' title='bbox 309 1192 372 1257; x_wconf 91' lang='lat' dir='ltr'><strong>Hic</strong></span> <span class='ocrx_word' id='word_1_19' title='bbox 393 1191 509 1257; x_wconf 87' lang='lat' dir='ltr'><strong>dicitur</strong></span> <span class='ocrx_word' id='word_1_20' title='bbox 530 1192 614 1276; x_wconf 91' lang='lat' dir='ltr'><strong>quod</strong></span> <span class='ocrx_word' id='word_1_21' title='bbox 636 1191 777 1257; x_wconf 89' lang='lat' dir='ltr'><strong>fluminis</strong></span> <span class='ocrx_word' id='word_1_22' title='bbox 799 1193 885 1258; x_wconf 88' lang='lat' dir='ltr'><strong>unda</strong></span> <span class='ocrx_word' id='word_1_23' title='bbox 906 1193 1102 1262; x_wconf 77' lang='lat' dir='ltr'><strong>substitisset</strong></span> 
     </span>
    </p>

    <p class='ocr_par' dir='ltr' id='par_1_5' title="bbox 310 1297 1124 1382">
     <span class='ocr_line' id='line_1_6' title="bbox 310 1297 1124 1382; baseline 0.002 -18"><span class='ocrx_word' id='word_1_24' title='bbox 310 1297 378 1364; x_wconf 88' lang='lat' dir='ltr'><strong>Nec</strong></span> <span class='ocrx_word' id='word_1_25' title='bbox 400 1298 440 1363; x_wconf 92' lang='lat' dir='ltr'><strong>ad</strong></span> <span class='ocrx_word' id='word_1_26' title='bbox 461 1298 526 1362; x_wconf 89' lang='lat' dir='ltr'><strong>ima</strong></span> <span class='ocrx_word' id='word_1_27' title='bbox 549 1298 763 1363; x_wconf 90' lang='lat' dir='ltr'><strong>descendendo</strong></span> <span class='ocrx_word' id='word_1_28' title='bbox 787 1299 910 1365; x_wconf 86' lang='lat' dir='ltr'><strong>tamdiu</strong></span> <span class='ocrx_word' id='word_1_29' title='bbox 932 1300 1124 1382; x_wconf 79' lang='lat' dir='ltr'><strong>defluxisset,</strong></span> 
     </span>
    </p>

    <p class='ocr_par' dir='ltr' id='par_1_6' title="bbox 309 1402 995 1472">
     <span class='ocr_line' id='line_1_7' title="bbox 309 1402 995 1472; baseline 0.004 -3"><span class='ocrx_word' id='word_1_30' title='bbox 309 1402 348 1469; x_wconf 86' lang='lat' dir='ltr'><strong>ln</strong></span> <span class='ocrx_word' id='word_1_31' title='bbox 369 1425 407 1470; x_wconf 86' lang='lat' dir='ltr'><strong>ea</strong></span> <span class='ocrx_word' id='word_1_32' title='bbox 429 1404 527 1469; x_wconf 89' lang='lat' dir='ltr'><strong>donec</strong></span> <span class='ocrx_word' id='word_1_33' title='bbox 550 1404 696 1469; x_wconf 90' lang='lat' dir='ltr'><strong>dominus</strong></span> <span class='ocrx_word' id='word_1_34' title='bbox 718 1402 812 1470; x_wconf 86' lang='lat' dir='ltr'><strong>Jesus</strong></span> <span class='ocrx_word' id='word_1_35' title='bbox 834 1405 995 1472; x_wconf 82' lang='lat' dir='ltr'><strong>lavaretur</strong></span> 
     </span>
    </p>

    <p class='ocr_par' dir='ltr' id='par_1_7' title="bbox 228 1509 1109 1701">
     <span class='ocr_line' id='line_1_8' title="bbox 310 1509 1060 1594; baseline 0.003 -20"><span class='ocrx_word' id='word_1_36' title='bbox 310 1510 363 1574; x_wconf 85' lang='lat' dir='ltr'><strong>Ab</strong></span> <span class='ocrx_word' id='word_1_37' title='bbox 384 1509 517 1594; x_wconf 88' lang='lat' dir='ltr'><strong>ipsoque</strong></span> <span class='ocrx_word' id='word_1_38' title='bbox 539 1509 741 1594; x_wconf 89' lang='lat' dir='ltr'><strong>baptismatis</strong></span> <span class='ocrx_word' id='word_1_39' title='bbox 765 1510 850 1575; x_wconf 89' lang='lat' dir='ltr'><strong>unda</strong></span> <span class='ocrx_word' id='word_1_40' title='bbox 872 1515 1060 1591; x_wconf 82' lang='lat' dir='ltr'><strong>sacraretur,</strong></span> 
     </span>
     <span class='ocr_line' id='line_1_9' title="bbox 228 1613 1109 1701; baseline 0.006 -24"><span class='ocrx_word' id='word_1_41' title='bbox 228 1633 285 1671; x_wconf 71' lang='lat' dir='ltr'><strong>seeo</strong></span> <span class='ocrx_word' id='word_1_42' title='bbox 312 1613 356 1678; x_wconf 78' lang='lat' dir='ltr'><strong>Et</strong></span> <span class='ocrx_word' id='word_1_43' title='bbox 377 1636 411 1679; x_wconf 90' lang='lat' dir='ltr'><strong>se</strong></span> <span class='ocrx_word' id='word_1_44' title='bbox 433 1636 559 1680; x_wconf 88' lang='lat' dir='ltr'><strong>sursum</strong></span> <span class='ocrx_word' id='word_1_45' title='bbox 582 1635 740 1701; x_wconf 78' lang='lat' dir='ltr'><strong>aggerans</strong></span> <span class='ocrx_word' id='word_1_46' title='bbox 762 1615 847 1680; x_wconf 90' lang='lat' dir='ltr'><strong>circa</strong></span> <span class='ocrx_word' id='word_1_47' title='bbox 868 1615 978 1682; x_wconf 91' lang='lat' dir='ltr'><strong>Jesum</strong></span> <span class='ocrx_word' id='word_1_48' title='bbox 1001 1616 1109 1683; x_wconf 90' lang='lat' dir='ltr'><strong>stabat</strong></span> 
     </span>
    </p>

    <p class='ocr_par' dir='ltr' id='par_1_8' title="bbox 309 1718 1132 1789">
     <span class='ocr_line' id='line_1_10' title="bbox 309 1718 1132 1789; baseline 0.004 -4"><span class='ocrx_word' id='word_1_49' title='bbox 309 1718 441 1786; x_wconf 83' lang='lat' dir='ltr'><strong>Flavius</strong></span> <span class='ocrx_word' id='word_1_50' title='bbox 463 1725 496 1785; x_wconf 93' lang='lat' dir='ltr'><strong>et</strong></span> <span class='ocrx_word' id='word_1_51' title='bbox 516 1721 679 1787; x_wconf 85' lang='lat' dir='ltr'><strong>dominum</strong></span> <span class='ocrx_word' id='word_1_52' title='bbox 700 1721 885 1788; x_wconf 89' lang='lat' dir='ltr'><strong>immersum</strong></span> <span class='ocrx_word' id='word_1_53' title='bbox 907 1723 1132 1789; x_wconf 90' lang='lat' dir='ltr'><strong>circumdabat.</strong></span> 
     </span>
    </p>
   </div>
   <div class='ocr_carea' id='block_1_5' title="bbox 397 2037 1054 2135">
    <p class='ocr_par' dir='ltr' id='par_1_9' title="bbox 397 2037 1054 2135">
     <span class='ocr_line' id='line_1_11' title="bbox 397 2037 1054 2135; baseline 0.005 -25"><span class='ocrx_word' id='word_1_54' title='bbox 397 2037 501 2124; x_wconf 76' lang='lat' dir='ltr'><strong>Quod</strong></span> <span class='ocrx_word' id='word_1_55' title='bbox 528 2040 646 2135; x_wconf 87' lang='lat' dir='ltr'><strong>pisces</strong></span> <span class='ocrx_word' id='word_1_56' title='bbox 673 2039 885 2115; x_wconf 82' lang='lat' dir='ltr'><strong>adorabant</strong></span> <span class='ocrx_word' id='word_1_57' title='bbox 911 2040 1054 2117; x_wconf 78' lang='lat' dir='ltr'><strong>desum.</strong></span> 
     </span>
    </p>
   </div>
   <div class='ocr_carea' id='block_1_6' title="bbox 308 2247 1159 2440">
    <p class='ocr_par' dir='ltr' id='par_1_10' title="bbox 308 2247 1159 2440">
     <span class='ocr_line' id='line_1_12' title="bbox 309 2247 1159 2333; baseline 0.002 -20"><span class='ocrx_word' id='word_1_58' title='bbox 309 2248 413 2314; x_wconf 81' lang='lat' dir='ltr'><strong>Pisces</strong></span> <span class='ocrx_word' id='word_1_59' title='bbox 435 2269 561 2333; x_wconf 88' lang='lat' dir='ltr'><strong>quoque</strong></span> <span class='ocrx_word' id='word_1_60' title='bbox 582 2247 724 2314; x_wconf 89' lang='lat' dir='ltr'><strong>fluminis</strong></span> <span class='ocrx_word' id='word_1_61' title='bbox 746 2249 785 2313; x_wconf 92' lang='lat' dir='ltr'><strong>ad</strong></span> <span class='ocrx_word' id='word_1_62' title='bbox 809 2248 973 2314; x_wconf 90' lang='lat' dir='ltr'><strong>dominum</strong></span> <span class='ocrx_word' id='word_1_63' title='bbox 995 2250 1159 2331; x_wconf 87' lang='lat' dir='ltr'><strong>natabant,</strong></span> 
     </span>
     <span class='ocr_line' id='line_1_13' title="bbox 308 2355 1130 2440; baseline 0.001 -20"><span class='ocrx_word' id='word_1_64' title='bbox 308 2355 476 2440; x_wconf 83' lang='lat' dir='ltr'><strong>Tanquam</strong></span> <span class='ocrx_word' id='word_1_65' title='bbox 497 2377 590 2421; x_wconf 86' lang='lat' dir='ltr'><strong>suum</strong></span> <span class='ocrx_word' id='word_1_66' title='bbox 612 2359 787 2422; x_wconf 88' lang='lat' dir='ltr'><strong>creatorem</strong></span> <span class='ocrx_word' id='word_1_67' title='bbox 808 2356 914 2440; x_wconf 85' lang='lat' dir='ltr'><strong>ipsum</strong></span> <span class='ocrx_word' id='word_1_68' title='bbox 935 2356 1130 2432; x_wconf 69' lang='lat' dir='ltr'><strong>adorabantr</strong></span> 
     </span>
    </p>
   </div>
   <div class='ocr_carea' id='block_1_7' title="bbox 230 2672 1225 2767">
    <p class='ocr_par' dir='ltr' id='par_1_11' title="bbox 230 2672 1225 2767">
     <span class='ocr_line' id='line_1_14' title="bbox 230 2672 1225 2767; baseline 0.001 -21"><span class='ocrx_word' id='word_1_69' title='bbox 230 2672 335 2760; x_wconf 79' lang='lat' dir='ltr'><strong>Quod</strong></span> <span class='ocrx_word' id='word_1_70' title='bbox 363 2673 517 2767; x_wconf 87' lang='lat' dir='ltr'><strong>spiritus</strong></span> <span class='ocrx_word' id='word_1_71' title='bbox 544 2674 696 2746; x_wconf 85' lang='lat' dir='ltr'><strong>sauctus</strong></span> <span class='ocrx_word' id='word_1_72' title='bbox 723 2672 917 2747; x_wconf 89' lang='lat' dir='ltr'><strong>descendit</strong></span> <span class='ocrx_word' id='word_1_73' title='bbox 943 2695 1056 2767; x_wconf 89' lang='lat' dir='ltr'><strong>super</strong></span> <span class='ocrx_word' id='word_1_74' title='bbox 1082 2672 1225 2747; x_wconf 88' lang='lat' dir='ltr'><strong>Jesum.</strong></span> 
     </span>
    </p>
   </div>
   <div class='ocr_carea' id='block_1_8' title="bbox 220 2881 1274 4441">
    <p class='ocr_par' dir='ltr' id='par_1_12' title="bbox 220 2881 1274 4441">
     <span class='ocr_line' id='line_1_15' title="bbox 309 2881 1121 2969; baseline -0.004 -19"><span class='ocrx_word' id='word_1_75' title='bbox 309 2883 390 2950; x_wconf 81' lang='lat' dir='ltr'><strong>Cum</strong></span> <span class='ocrx_word' id='word_1_76' title='bbox 411 2904 487 2969; x_wconf 86' lang='lat' dir='ltr'><strong>ergo</strong></span> <span class='ocrx_word' id='word_1_77' title='bbox 509 2881 645 2948; x_wconf 81' lang='lat' dir='ltr'><strong>Jesusa</strong></span> <span class='ocrx_word' id='word_1_78' title='bbox 666 2881 815 2947; x_wconf 88' lang='lat' dir='ltr'><strong>Jchanne</strong></span> <span class='ocrx_word' id='word_1_79' title='bbox 837 2881 921 2948; x_wconf 87' lang='lat' dir='ltr'><strong>foret</strong></span> <span class='ocrx_word' id='word_1_80' title='bbox 941 2881 1121 2966; x_wconf 74' lang='lat' dir='ltr'><strong>baptizatus</strong></span> 
     </span>
     <span class='ocr_line' id='line_1_16' title="bbox 230 2972 1079 3075; baseline -0.006 -19"><span class='ocrx_word' id='word_1_81' title='bbox 230 3011 284 3048; x_wconf 70' lang='lat'><strong>³⁶⁸⁶</strong></span> <span class='ocrx_word' id='word_1_82' title='bbox 308 2990 512 3075; x_wconf 89' lang='lat' dir='ltr'><strong>Populusque</strong></span> <span class='ocrx_word' id='word_1_83' title='bbox 533 2988 689 3075; x_wconf 91' lang='lat' dir='ltr'><strong>plurimus</strong></span> <span class='ocrx_word' id='word_1_84' title='bbox 712 3010 785 3053; x_wconf 91' lang='lat' dir='ltr'><strong>cum</strong></span> <span class='ocrx_word' id='word_1_85' title='bbox 807 2989 877 3073; x_wconf 90' lang='lat' dir='ltr'><strong>ipsc</strong></span> <span class='ocrx_word' id='word_1_86' title='bbox 899 2972 1079 3066; x_wconf 82' lang='lat' dir='ltr'><strong>renovatus,</strong></span> 
     </span>
     <span class='ocr_line' id='line_1_17' title="bbox 308 3091 1190 3180; baseline -0.005 -18"><span class='ocrx_word' id='word_1_87' title='bbox 308 3095 389 3162; x_wconf 77' lang='lat' dir='ltr'><strong>Ecce</strong></span> <span class='ocrx_word' id='word_1_88' title='bbox 411 3096 513 3160; x_wconf 89' lang='lat' dir='ltr'><strong>celum</strong></span> <span class='ocrx_word' id='word_1_89' title='bbox 536 3099 584 3160; x_wconf 87' lang='lat' dir='ltr'><strong>est</strong></span> <span class='ocrx_word' id='word_1_90' title='bbox 606 3098 763 3180; x_wconf 89' lang='lat' dir='ltr'><strong>apertum,</strong></span> <span class='ocrx_word' id='word_1_91' title='bbox 785 3094 841 3160; x_wconf 85' lang='lat' dir='ltr'><strong>lux</strong></span> <span class='ocrx_word' id='word_1_92' title='bbox 863 3114 1043 3180; x_wconf 87' lang='lat' dir='ltr'><strong>magnaque</strong></span> <span class='ocrx_word' id='word_1_93' title='bbox 1064 3091 1190 3158; x_wconf 82' lang='lat' dir='ltr'><strong>refulsit</strong></span> 
     </span>
     <span class='ocr_line' id='line_1_18' title="bbox 220 3196 1229 3283; baseline -0.003 -17"><span class='ocrx_word' id='word_1_94' title='bbox 220 3229 227 3240; x_wconf 80' lang='grc'><em>·</em></span> <span class='ocrx_word' id='word_1_95' title='bbox 306 3199 476 3267; x_wconf 76' lang='lat' dir='ltr'><strong>inlesum</strong></span> <span class='ocrx_word' id='word_1_96' title='bbox 498 3221 620 3266; x_wconf 91' lang='lat' dir='ltr'><strong>necnon</strong></span> <span class='ocrx_word' id='word_1_97' title='bbox 642 3199 806 3264; x_wconf 81' lang='lat' dir='ltr'><strong>universos</strong></span> <span class='ocrx_word' id='word_1_98' title='bbox 827 3202 987 3283; x_wconf 85' lang='lat' dir='ltr'><strong>presentes</strong></span> <span class='ocrx_word' id='word_1_99' title='bbox 1010 3196 1229 3264; x_wconf 85' lang='lat' dir='ltr'><strong>circumfulsit.</strong></span> 
     </span>
     <span class='ocr_line' id='line_1_19' title="bbox 308 3304 1099 3392; baseline -0.005 -20"><span class='ocrx_word' id='word_1_100' title='bbox 308 3307 415 3392; x_wconf 84' lang='lat' dir='ltr'><strong>Atque</strong></span> <span class='ocrx_word' id='word_1_101' title='bbox 436 3309 565 3372; x_wconf 87' lang='lat' dir='ltr'><strong>sanctus</strong></span> <span class='ocrx_word' id='word_1_102' title='bbox 587 3305 718 3389; x_wconf 86' lang='lat' dir='ltr'><strong>spiritus</strong></span> <span class='ocrx_word' id='word_1_103' title='bbox 741 3304 780 3370; x_wconf 89' lang='lat' dir='ltr'><strong>de</strong></span> <span class='ocrx_word' id='word_1_104' title='bbox 802 3304 869 3370; x_wconf 87' lang='lat' dir='ltr'><strong>celo</strong></span> <span class='ocrx_word' id='word_1_105' title='bbox 891 3304 1099 3370; x_wconf 87' lang='lat' dir='ltr'><strong>descendebat</strong></span> 
     </span>
     <span class='ocr_line' id='line_1_20' title="bbox 306 3409 1040 3496; baseline -0.001 -20"><span class='ocrx_word' id='word_1_106' title='bbox 306 3409 345 3476; x_wconf 92' lang='lat' dir='ltr'><strong>In</strong></span> <span class='ocrx_word' id='word_1_107' title='bbox 367 3410 512 3476; x_wconf 89' lang='lat' dir='ltr'><strong>columbe</strong></span> <span class='ocrx_word' id='word_1_108' title='bbox 534 3411 646 3496; x_wconf 82' lang='lat' dir='ltr'><strong>specie,</strong></span> <span class='ocrx_word' id='word_1_109' title='bbox 671 3410 727 3495; x_wconf 91' lang='lat' dir='ltr'><strong>qui</strong></span> <span class='ocrx_word' id='word_1_110' title='bbox 748 3409 859 3476; x_wconf 90' lang='lat' dir='ltr'><strong>statim</strong></span> <span class='ocrx_word' id='word_1_111' title='bbox 881 3410 1040 3476; x_wconf 85' lang='lat' dir='ltr'><strong>residebat</strong></span> 
     </span>
     <span class='ocr_line' id='line_1_21' title="bbox 229 3514 1114 3601; baseline -0.001 -20"><span class='ocrx_word' id='word_1_112' title='bbox 229 3537 281 3574; x_wconf 75' lang='lat' dir='ltr'><strong>asco</strong></span> <span class='ocrx_word' id='word_1_113' title='bbox 308 3514 346 3581; x_wconf 92' lang='lat' dir='ltr'><strong>In</strong></span> <span class='ocrx_word' id='word_1_114' title='bbox 368 3515 446 3581; x_wconf 87' lang='lat' dir='ltr'><strong>Jesu</strong></span> <span class='ocrx_word' id='word_1_115' title='bbox 469 3515 588 3582; x_wconf 77' lang='lat' dir='ltr'><strong>Christi</strong></span> <span class='ocrx_word' id='word_1_116' title='bbox 610 3515 723 3600; x_wconf 89' lang='lat' dir='ltr'><strong>eapite,</strong></span> <span class='ocrx_word' id='word_1_117' title='bbox 746 3516 911 3601; x_wconf 85' lang='lat' dir='ltr'><strong>patrisque</strong></span> <span class='ocrx_word' id='word_1_118' title='bbox 933 3537 994 3581; x_wconf 82' lang='lat' dir='ltr'><strong>vox</strong></span> <span class='ocrx_word' id='word_1_119' title='bbox 1016 3515 1114 3582; x_wconf 85' lang='lat' dir='ltr'><strong>fiebat</strong></span> 
     </span>
     <span class='ocr_line' id='line_1_22' title="bbox 307 3618 1078 3705; baseline -0.001 -20"><span class='ocrx_word' id='word_1_120' title='bbox 307 3618 437 3685; x_wconf 82' lang='lat' dir='ltr'><strong>Cunctis</strong></span> <span class='ocrx_word' id='word_1_121' title='bbox 460 3618 661 3686; x_wconf 87' lang='lat' dir='ltr'><strong>audientibus</strong></span> <span class='ocrx_word' id='word_1_122' title='bbox 683 3620 722 3685; x_wconf 90' lang='lat' dir='ltr'><strong>de</strong></span> <span class='ocrx_word' id='word_1_123' title='bbox 744 3620 828 3699; x_wconf 87' lang='lat' dir='ltr'><strong>celis,</strong></span> <span class='ocrx_word' id='word_1_124' title='bbox 852 3641 913 3705; x_wconf 92' lang='lat' dir='ltr'><strong>que</strong></span> <span class='ocrx_word' id='word_1_125' title='bbox 935 3619 1078 3686; x_wconf 89' lang='lat' dir='ltr'><strong>dicebat:</strong></span> 
     </span>
     <span class='ocr_line' id='line_1_23' title="bbox 309 3724 1009 3810; baseline 0.004 -23"><span class='ocrx_word' id='word_1_126' title='bbox 309 3725 391 3791; x_wconf 82' lang='lat' dir='ltr'><strong>»Hic</strong></span> <span class='ocrx_word' id='word_1_127' title='bbox 413 3729 462 3792; x_wconf 90' lang='lat' dir='ltr'><strong>est</strong></span> <span class='ocrx_word' id='word_1_128' title='bbox 483 3748 571 3792; x_wconf 88' lang='lat' dir='ltr'><strong>meus</strong></span> <span class='ocrx_word' id='word_1_129' title='bbox 593 3725 679 3792; x_wconf 87' lang='lat' dir='ltr'><strong>filius</strong></span> <span class='ocrx_word' id='word_1_130' title='bbox 701 3724 844 3810; x_wconf 90' lang='lat' dir='ltr'><strong>mihique</strong></span> <span class='ocrx_word' id='word_1_131' title='bbox 866 3724 1009 3806; x_wconf 89' lang='lat' dir='ltr'><strong>dilectus,</strong></span> 
     </span>
     <span class='ocr_line' id='line_1_24' title="bbox 308 3829 985 3911; baseline 0 -15"><span class='ocrx_word' id='word_1_132' title='bbox 308 3829 393 3897; x_wconf 81' lang='lat' dir='ltr'><strong>Ante</strong></span> <span class='ocrx_word' id='word_1_133' title='bbox 414 3831 674 3897; x_wconf 63' lang='lat' dir='ltr'><strong>consttutionem</strong></span> <span class='ocrx_word' id='word_1_134' title='bbox 696 3831 836 3896; x_wconf 88' lang='lat' dir='ltr'><strong>siderum</strong></span> <span class='ocrx_word' id='word_1_135' title='bbox 857 3830 985 3911; x_wconf 89' lang='lat' dir='ltr'><strong>electus,</strong></span> 
     </span>
     <span class='ocr_line' id='line_1_25' title="bbox 307 3935 1052 4023; baseline -0.003 -21"><span class='ocrx_word' id='word_1_136' title='bbox 307 3935 389 4002; x_wconf 86' lang='lat' dir='ltr'><strong>Mihi</strong></span> <span class='ocrx_word' id='word_1_137' title='bbox 411 3937 467 4023; x_wconf 92' lang='lat' dir='ltr'><strong>qui</strong></span> <span class='ocrx_word' id='word_1_138' title='bbox 489 3937 681 4022; x_wconf 87' lang='lat' dir='ltr'><strong>complacuit</strong></span> <span class='ocrx_word' id='word_1_139' title='bbox 703 3958 827 4022; x_wconf 87' lang='lat' dir='ltr'><strong>semper</strong></span> <span class='ocrx_word' id='word_1_140' title='bbox 849 3940 881 4002; x_wconf 88' lang='lat' dir='ltr'><strong>et</strong></span> <span class='ocrx_word' id='word_1_141' title='bbox 904 3935 1052 4021; x_wconf 80' lang='lat' dir='ltr'><strong>placebit,</strong></span> 
     </span>
     <span class='ocr_line' id='line_1_26' title="bbox 229 4038 1031 4127; baseline -0.009 -21"><span class='ocrx_word' id='word_1_142' title='bbox 229 4059 281 4098; x_wconf 74' lang='lat'><strong>³⁶⁹⁵</strong></span> <span class='ocrx_word' id='word_1_143' title='bbox 306 4039 415 4127; x_wconf 86' lang='lat' dir='ltr'><strong>Atque</strong></span> <span class='ocrx_word' id='word_1_144' title='bbox 436 4038 525 4108; x_wconf 85' lang='lat' dir='ltr'><strong>meus</strong></span> <span class='ocrx_word' id='word_1_145' title='bbox 547 4041 679 4126; x_wconf 88' lang='lat' dir='ltr'><strong>spiritus</strong></span> <span class='ocrx_word' id='word_1_146' title='bbox 701 4042 736 4106; x_wconf 93' lang='lat' dir='ltr'><strong>in</strong></span> <span class='ocrx_word' id='word_1_147' title='bbox 758 4042 828 4127; x_wconf 87' lang='lat' dir='ltr'><strong>ipso</strong></span> <span class='ocrx_word' id='word_1_148' title='bbox 850 4041 1031 4108; x_wconf 77' lang='lat' dir='ltr'><strong>residebit«</strong></span> 
     </span>
     <span class='ocr_line' id='line_1_27' title="bbox 307 4144 1274 4228; baseline -0.003 -17"><span class='ocrx_word' id='word_1_149' title='bbox 307 4144 472 4213; x_wconf 75' lang='lat' dir='ltr'><strong>lohannes</strong></span> <span class='ocrx_word' id='word_1_150' title='bbox 494 4150 610 4226; x_wconf 85' lang='lat' dir='ltr'><strong>autem,</strong></span> <span class='ocrx_word' id='word_1_151' title='bbox 634 4167 706 4211; x_wconf 89' lang='lat' dir='ltr'><strong>cum</strong></span> <span class='ocrx_word' id='word_1_152' title='bbox 728 4146 868 4211; x_wconf 88' lang='lat' dir='ltr'><strong>audisset</strong></span> <span class='ocrx_word' id='word_1_153' title='bbox 890 4167 998 4211; x_wconf 80' lang='lat' dir='ltr'><strong>vocem</strong></span> <span class='ocrx_word' id='word_1_154' title='bbox 1020 4145 1112 4224; x_wconf 92' lang='lat' dir='ltr'><strong>hanc,</strong></span> <span class='ocrx_word' id='word_1_155' title='bbox 1137 4144 1274 4228; x_wconf 85' lang='lat' dir='ltr'><strong>expavit,</strong></span> 
     </span>
     <span class='ocr_line' id='line_1_28' title="bbox 307 4248 1009 4335; baseline -0.006 -18"><span class='ocrx_word' id='word_1_156' title='bbox 307 4250 385 4317; x_wconf 87' lang='lat' dir='ltr'><strong>Jesu</strong></span> <span class='ocrx_word' id='word_1_157' title='bbox 406 4251 626 4317; x_wconf 89' lang='lat' dir='ltr'><strong>testimonium</strong></span> <span class='ocrx_word' id='word_1_158' title='bbox 648 4248 819 4335; x_wconf 89' lang='lat' dir='ltr'><strong>perhibens</strong></span> <span class='ocrx_word' id='word_1_159' title='bbox 841 4249 1009 4316; x_wconf 81' lang='lat' dir='ltr'><strong>clamavit:</strong></span> 
     </span>
     <span class='ocr_line' id='line_1_29' title="bbox 311 4353 1071 4441; baseline -0.005 -19"><span class='ocrx_word' id='word_1_160' title='bbox 311 4356 391 4423; x_wconf 80' lang='lat' dir='ltr'><strong>»Hic</strong></span> <span class='ocrx_word' id='word_1_161' title='bbox 413 4362 462 4424; x_wconf 91' lang='lat' dir='ltr'><strong>est</strong></span> <span class='ocrx_word' id='word_1_162' title='bbox 483 4358 538 4423; x_wconf 89' lang='lat' dir='ltr'><strong>ille</strong></span> <span class='ocrx_word' id='word_1_163' title='bbox 560 4357 599 4422; x_wconf 91' lang='lat' dir='ltr'><strong>de</strong></span> <span class='ocrx_word' id='word_1_164' title='bbox 622 4378 686 4441; x_wconf 90' lang='lat' dir='ltr'><strong>quc</strong></span> <span class='ocrx_word' id='word_1_165' title='bbox 707 4355 789 4420; x_wconf 90' lang='lat' dir='ltr'><strong>mihi</strong></span> <span class='ocrx_word' id='word_1_166' title='bbox 811 4355 887 4422; x_wconf 88' lang='lat' dir='ltr'><strong>deus</strong></span> <span class='ocrx_word' id='word_1_167' title='bbox 909 4353 1071 4433; x_wconf 84' lang='lat' dir='ltr'><strong>revelavit,</strong></span> 
     </span>
    </p>
   </div>
   <div class='ocr_carea' id='block_1_9' title="bbox 192 4457 1103 4626">
    <p class='ocr_par' dir='ltr' id='par_1_13' title="bbox 192 4457 1103 4626">
     <span class='ocr_line' id='line_1_30' title="bbox 307 4457 1103 4548; baseline -0.008 -21"><span class='ocrx_word' id='word_1_168' title='bbox 307 4460 388 4527; x_wconf 80' lang='lat' dir='ltr'><strong>Cum</strong></span> <span class='ocrx_word' id='word_1_169' title='bbox 409 4463 443 4527; x_wconf 91' lang='lat' dir='ltr'><strong>in</strong></span> <span class='ocrx_word' id='word_1_170' title='bbox 466 4463 591 4528; x_wconf 88' lang='lat' dir='ltr'><strong>deserto</strong></span> <span class='ocrx_word' id='word_1_171' title='bbox 614 4463 772 4548; x_wconf 76' lang='lat' dir='ltr'><strong>degerem,</strong></span> <span class='ocrx_word' id='word_1_172' title='bbox 795 4463 900 4526; x_wconf 86' lang='lat' dir='ltr'><strong>etms</strong></span> <span class='ocrx_word' id='word_1_173' title='bbox 921 4457 1103 4537; x_wconf 80' lang='lat' dir='ltr'><strong>destinavit,</strong></span> 
     </span>
     <span class='ocr_line' id='line_1_31' title="bbox 192 4561 1090 4626; baseline -0.006 0"><span class='ocrx_word' id='word_1_174' title='bbox 192 4581 249 4626; x_wconf 74' lang='lat' dir='ltr'><strong>vu·</strong></span> <span class='ocrx_word' id='word_1_175' title='bbox 260 4581 337 4625; x_wconf 68' lang='lat' dir='ltr'><strong>me</strong></span> <span class='ocrx_word' id='word_1_176' title='bbox 1073 4561 1090 4621; x_wconf 86' lang='grc'>9</span> 
     </span>
    </p>
   </div>
   <div class='ocr_carea' id='block_1_10' title="bbox 0 0 1506 5125">
    <p class='ocr_par' dir='ltr' id='par_1_14' title="bbox 0 0 1506 5125">
     <span class='ocr_line' id='line_1_32' title="bbox 0 0 1506 5125; baseline 0 0"><span class='ocrx_word' id='word_1_177' title='bbox 0 0 1506 5125; x_wconf 95' lang='lat' dir='ltr'><strong> </strong></span> 
     </span>
    </p>
   </div>
  </div>
 </body>
</html>
