3000 5125
766 381 809 447 36

368 558 422 625 Illi
444 557 536 622 corde
558 555 739 621 condolenti
761 554 1013 639 compatiebatur

304 686 343 723 8⁷0
369 666 414 730 Et
435 664 576 729 dolorem
598 662 698 747 ipsius
721 661 820 726 lenire
842 660 1014 725 nitebatur.

374 770 450 834 Fuit
473 769 557 834 enim
579 765 748 831 condolens
772 769 867 849 atque
889 762 1096 848 compassiva,

372 876 562 954 Misericors,
586 871 791 956 compatiens,
815 874 847 935 et
869 870 1045 936 caritativa.

372 981 539 1047 Gaudebat
560 1001 632 1043 cum
654 977 878 1062 gaudentibus,
901 998 974 1041 oum
996 974 1067 1040 letis
1090 974 1260 1053 letabatur,

370 1086 546 1170 Flebatque
568 1105 641 1147 cum
663 1082 823 1159 flentibus,
847 1103 919 1145 curn
941 1080 1050 1145 mestis
1073 1080 1280 1153 tristabatur;
1307 1138 1310 1146 .

306 1211 345 1249 8⁷⁶
371 1193 510 1257 Etcum
532 1189 771 1254 infirmantibus
793 1188 851 1252 hec
873 1187 1098 1251 infirmabatur

370 1297 506 1382 Ipsaque
528 1317 601 1360 curn
623 1295 786 1360 tribulatis
809 1292 1096 1358 contribulabatur.

371 1403 505 1468 Dolores
526 1402 604 1466 tulit
625 1400 769 1465 omnium
791 1421 847 1483 per
869 1398 1129 1482 compassionem,
1213 1397 1228 1429 '

370 1507 509 1573 Probens
531 1505 582 1570 his
605 1504 756 1570 solatium
777 1526 833 1588 per
855 1503 1113 1569 consolationem.

373 1612 413 1678 Se
435 1611 557 1677 cunctis
579 1610 797 1696 indigentibus
819 1630 892 1673 cum
909 1630 985 1673 vera
1006 1607 1140 1672 caritate

307 1736 345 1775 sao
372 1718 538 1797 Exhibuit,
562 1721 599 1781 ut
620 1717 735 1801 potuit,
759 1717 793 1780 in
816 1715 1010 1781 necessitate.

193 2103 196 2109 ¹
285 2115 388 2200 Quod
417 2115 537 2189 Maria
563 2138 630 2209 per
657 2117 798 2188 sortem
825 2116 945 2189 electa
972 2117 1031 2189 cst
1058 2114 1098 2184 in
1125 2115 1304 2207 reginam.

373 2347 511 2413 Mariam
533 2350 639 2411 autem
663 2346 803 2432 virgines
824 2346 946 2431 relique
968 2347 1114 2432 reginam

269 2478 272 2488 ·
375 2452 545 2538 Appellare
567 2456 807 2531 consueverunt,
831 2475 907 2516 nam
929 2443 1053 2517 sortem
1069 2475 1126 2536 per
1148 2453 1288 2517 divinam

374 2558 444 2624 Hoc
465 2581 582 2624 nomen
604 2558 666 2624 sibi
689 2559 800 2623 datum
823 2563 871 2624 est
894 2558 995 2624 veluti
1017 2563 1156 2624 testatur

373 2665 468 2730 Liber
490 2665 523 2729 in
547 2686 610 2749 quo
633 2665 768 2750 virginis
791 2665 859 2730 vita
881 2665 1077 2730 decantatur.

311 2788 349 2827 ⁸⁸⁶
376 2770 461 2835 Nam
483 2770 660 2835 sacerdotes
682 2792 779 2854 opera
801 2772 924 2836 diversa
946 2771 1172 2836 commiserunt

374 2874 529 2939 Omnibus
549 2875 740 2960 ¹virginibus,
765 2880 796 2940 et
818 2875 883 2941 illis
906 2876 1092 2940 obtulerunt

373 2981 498 3060 Linum,
522 2980 638 3059 lanam,
661 2981 806 3061 sericum,
829 3004 1003 3066 purpuram
1025 2985 1058 3047 et
1079 2982 1220 3066 byssum,

377 3086 483 3171 Atque
505 3106 631 3149 coccum
653 3085 814 3171 fulgidum
836 3086 975 3151 tinctura
997 3087 1046 3151 bis
1068 3086 1245 3151 inmissum.

375 3191 465 3255 Tunc
487 3213 595 3256 omnes
618 3190 672 3256 ille
695 3191 835 3278 virgines
858 3192 953 3257 simul
975 3192 1199 3276 promiserunt,

311 3315 351 3351 ⁸⁹0
378 3294 425 3361 Ut
447 3318 527 3379 opus
551 3295 611 3360 hoc
634 3295 811 3360 dividerent
833 3319 890 3380 per
911 3300 1040 3376 sortem,
1064 3300 1097 3361 et
1118 3295 1286 3360 dixerunt:

377 3402 436 3467 (lui
458 3402 547 3467 cedet
568 3424 710 3486 purpura
732 3424 789 3486 per
811 3407 929 3467 sortem
951 3402 1011 3466 hec
1033 3400 1178 3481 texenda,

374 3506 436 3572 Illa
458 3507 550 3573 nobis
573 3530 632 3592 pro
654 3508 766 3593 regina
788 3530 912 3592 semper
934 3512 982 3573 est
1004 3507 1160 3572 habenda.

375 3612 464 3698 Ergo
487 3617 605 3678 sortem
627 3613 712 3677 inter
734 3635 768 3677 se
790 3612 930 3698 virgines
952 3613 1108 3677 miserunt

376 3718 420 3781 Et
441 3740 499 3803 per
521 3722 639 3782 sortem
662 3740 740 3802 opus
764 3740 857 3782 suum
879 3717 1004 3802 singule
1027 3721 1239 3802 sumpserunt.

311 3841 350 3879 ⁸⁹⁶
376 3821 430 3887 Illi
452 3823 563 3902 linum,
586 3822 635 3886 illi
657 3824 741 3902 lana,
764 3823 818 3888 sed
841 3823 954 3906 byssus
976 3822 1026 3886 illi
1047 3824 1161 3902 cessit3

375 3928 523 4005 Qualibet
545 3929 672 4013 recepit.
686 3929 746 3993 hoc
768 3928 853 4013 quod
877 3928 938 3991 sibi
961 3946 1029 3992 sors
1051 3930 1216 3993 concessit.

377 4032 437 4098 Sed
459 4033 561 4098 Marie
584 4033 703 4118 virgini
725 4055 794 4097 sors
817 4055 888 4097 cum
911 4032 1109 4114 mittebatur,

377 4137 444 4203 Sibi
467 4139 562 4204 cessit
583 4161 735 4224 purpura,
757 4160 815 4223 per
837 4138 922 4223 quod
942 4139 1125 4203 merebatur

378 4244 544 4329 Appellari
566 4245 686 4330 iugiter
708 4245 871 4329 virginum
895 4245 1007 4329 regina
1101 4300 1105 4308 .

313 4371 352 4410 ⁹00
379 4351 602 4416 Ab'omnibus
624 4350 786 4416 sodalibus
809 4351 854 4416 sic
877 4355 962 4416 sorte
984 4351 1022 4416 de
1044 4350 1163 4416 divina.
