3000 5125
780 381 844 446 254

449 683 577 755 xMaria
604 683 806 775 suscipitur
833 706 856 754 a
883 682 999 754 tertio
1027 681 1152 755 choro.

393 875 512 940 Deinde
535 874 666 937 chorum
688 873 819 941 tertium
844 870 1027 937 ›Virtutes‹
1052 871 1250 957 'appellatum

390 982 494 1046 Mater
516 980 566 1045 dei
588 979 801 1062 pertransivit,
826 978 880 1042 ubi
903 983 1133 1065 congregatum

318 1107 369 1145 τωο
396 1085 593 1151 Conveniam
615 1106 740 1148 omnem
764 1084 904 1168 repperit
925 1084 1041 1148 horum
1065 1082 1261 1170 angelorum,

393 1191 454 1267 Qui
476 1190 614 1256 ordinati
636 1189 765 1253 fuerant
786 1189 827 1253 ad
849 1189 982 1253 eundem
1005 1188 1147 1252 chorum.

392 1296 484 1361 Illius
506 1295 596 1360 chori
618 1295 749 1379 spiritus
772 1295 878 1359 cuncti
901 1294 1095 1359 confluentes

393 1401 606 1484 Susceperunt
628 1400 766 1464 Mariam
788 1421 860 1464 oum
882 1399 1024 1477 canticis,
1048 1399 1203 1464 dicentes:

397 1505 507 1584 »Veni
530 1505 613 1583 veni,
637 1504 775 1583 domina,
799 1504 872 1568 veni
894 1504 1080 1582 veneranda,

234 1629 238 1637 '
317 1631 368 1669 uo
396 1609 587 1676 Hominibus
610 1612 643 1672 et
664 1608 786 1693 angelis
809 1609 954 1673 omnibus
978 1609 1153 1673 laudanda!

396 1716 478 1782 Veni
500 1715 604 1780 David
626 1713 703 1791 filia,
726 1713 799 1779 veni
821 1714 912 1777 radix
934 1713 1050 1790 Yesse3

398 1821 491 1899 Veni,
515 1819 609 1904 plena
631 1820 746 1904 mutia,
771 1824 807 1884 tu
829 1842 965 1904 namque
987 1819 1080 1884 debes
1103 1839 1169 1882 esse

398 1924 595 2011 Angelorum
618 1925 755 2003 domina,
779 1923 917 1989 celorum
940 1923 1134 2007 imperatrix,

399 2031 443 2095 Et
465 2030 576 2115 regina
598 2030 775 2094 seculorum
796 2029 906 2093 mundi
929 2028 1147 2113 gubernatrix.

322 2155 373 2193 ⁷⁶⁷⁰
399 2135 492 2214 Veni,
516 2157 599 2200 nunc
621 2136 759 2200 introeas
781 2134 960 2199 thalamum
980 2133 1121 2218 regalem

395 2240 473 2306 Jesu
496 2240 579 2327 regis
602 2241 789 2328 angelorum
811 2244 843 2305 et
866 2239 1018 2304 thronum
1041 2238 1221 2304 eternalem.

398 2345 449 2412 Tu
470 2346 615 2430 plurimis
639 2346 811 2410 virtutibus
834 2345 898 2409 tois
921 2345 1076 2423 meruisti,

398 2449 479 2516 Cum
500 2452 532 2515 in
557 2472 650 2515 carne
672 2472 767 2534 super
789 2454 907 2514 terram
930 2449 1071 2534 piissima
1093 2450 1211 2527 vixisti,

398 2555 488 2633 Quod
510 2579 604 2640 super
625 2556 737 2621 choros
761 2554 947 2642 angelorum
968 2578 1053 2620 nunc
1076 2556 1168 2621 debes
1191 2555 1338 2621 collocari

322 2681 373 2718 uu
399 2662 444 2725 Et
465 2684 580 2727 corona
603 2662 718 2726 summi
740 2662 825 2747 regis
848 2661 987 2726 celorum
1011 2666 1164 2740 coronari,

398 2766 442 2830 Et
463 2765 538 2831 licet
560 2766 653 2851 plena
675 2767 773 2832 fueris
796 2768 968 2832 virtutibus
992 2769 1122 2832 diversis

364 2908 366 2910 ·
397 2870 529 2937 Necnon
551 2872 760 2936 abundaveris
784 2873 874 2938 donis
896 2874 1061 2938 universis.
1116 2946 1120 2951 Δ
1218 2870 1221 2879 ’

400 2974 519 3040 Tamen
543 2980 580 3041 tu
601 2978 822 3043 discretionem
843 2979 877 3042 in
900 2980 1047 3043 omnibns
1069 2980 1216 3043 servabas

398 3078 505 3165 Atque
528 3105 599 3147 oum
620 3084 774 3148 modestia
796 3088 827 3148 te
848 3106 966 3169 magna
987 3085 1196 3169 temperabas

325 3202 376 3240 ⁷⁶⁸0
402 3182 439 3248 In
464 3187 610 3251 omnibus
634 3187 805 3252 virtutibus
829 3210 897 3252 eras
919 3211 994 3252 nam
1017 3190 1151 3255 discreta

402 3290 447 3354 Et
468 3291 502 3355 in
525 3293 645 3356 cunctis
668 3290 791 3356 actibus
812 3293 900 3357 mitis
923 3297 955 3358 et
976 3300 1150 3360 mansueta.

401 3394 489 3480 Ergo
513 3397 603 3481 virgo
624 3397 741 3463 nobilis
764 3402 796 3462 et
817 3401 919 3463 mater
941 3421 1094 3479 amorosa,

400 3499 517 3565 Lilinm
539 3502 740 3582 convallium,
764 3508 796 3568 et
818 3504 885 3568 sine
907 3505 999 3588 spina
1021 3527 1102 3583 rosa,

401 3603 453 3670 Ad
476 3605 585 3673 Jesum
607 3592 782 3673 deifilium
804 3613 949 3673 nostrum
971 3615 1154 3687 creatorem,

325 3729 377 3766 ⁷⁵⁸⁵
403 3711 448 3776 nt
470 3712 519 3776 dei
542 3713 751 3800 unigenitum,
776 3712 869 3777 seculi
894 3718 1047 3778 rectorem

403 3814 546 3883 Ascende
568 3841 639 3883 cum
661 3819 773 3898 letitia,
796 3840 901 3883 secum
923 3823 960 3883 ut
981 3819 1088 3883 leteris

404 3921 448 3986 Et
470 3923 504 3987 in
527 3945 626 4009 regno
649 3924 750 4009 glorie
773 3946 829 3989 sue
851 3924 1027 4009 glorieris<

397 4156 501 4246 Quod
529 4159 648 4238 Maria
675 4163 877 4261 suscipitur
903 4187 926 4240 a
953 4148 1089 4263 quarto
1118 4165 1241 4242 choro.

406 4341 490 4410 Hinc
512 4347 552 4437 ad
574 4348 704 4413 chorum
727 4354 829 4414 mater
851 4353 901 4418 dei
922 4357 1072 4436 quartum
1094 4349 1291 4437 procedebat,

408 4449 621 4517 »Potestates«
647 4454 678 4517 in
703 4454 867 4540 scripturis
890 4478 1004 4521 nomen
1027 4457 1082 4541 qui
1106 4457 1252 4523 habebat.
