3000 5125
689 395 751 471 131

304 683 408 770 Quod
436 685 556 758 bestie
581 685 723 759 'deserti
748 685 1007 761 adoraverunt
1033 677 1175 760 desum.

324 893 431 978 Atque
453 891 635 958 solitud'rhlb
657 892 725 960 fere
747 895 918 976 venientes,

325 997 481 1065 Unitum
502 997 603 1063 bestie
622 997 742 1065 deserti
765 1003 997 1080 concutientes,

323 1103 434 1171 Jesum
455 1102 619 1169 Christum
642 1105 819 1170 adorabant
840 1127 933 1170 suum
955 1108 1139 1184 creatorem,

240 1225 296 1267 ππ
324 1208 456 1275 Necnon
478 1209 673 1275 exhibebant
694 1210 724 1276 ei
745 1233 840 1295 quem
861 1215 1010 1295 poterant
1031 1198 1195 1276 honorem.

323 1313 481 1391 Quamdiu
504 1314 623 1379 mansit
644 1314 678 1379 in
701 1315 825 1381 deserto
848 1338 954 1382 secum
976 1316 1186 1382 morabantur

208 1467 212 1474 -
323 1421 367 1486 Et
388 1441 589 1506 quocumquo
611 1420 792 1486 declinabat
814 1420 919 1506 ipsum
942 1421 1166 1507 sequebantur,

324 1526 465 1612 Eiusque
488 1526 624 1612 vestigia
647 1523 810 1592 linxeruht
833 1526 1015 1607 osculando,

321 1629 543 1713 Pretedcbant
559 1629 798 1698 circumdabant
811 1633 917 1717 ipeum
931 1631 1101 1712 adolando,

247 1757 301 1795 ³⁷⁴⁰
327 1737 514 1803 Alludentes
537 1735 729 1822 antepedes
751 1760 825 1803 suos
847 1760 881 1802 se
902 1737 1075 1817 iactabant,

324 1843 368 1908 Et
390 1842 543 1908 saltantes
566 1859 673 1907 coram
695 1857 733 1907 eo
754 1842 930 1929 'gaudentes
949 1839 1150 1907 exultabant.

436 2158 491 2233 De
516 2159 689 2264 regressu
715 2145 808 2232 lesu
836 2182 860 2231 a
885 2155 1047 2231 deserto.

323 2365 479 2452 Egressus
500 2364 594 2430 Jesus
616 2389 636 2430 a
657 2365 783 2430 deserto
805 2363 986 2430 Johannem
1008 2364 1225 2449 baptizantem

324 2470 437 2536 Adhuc
459 2470 581 2535 invenit
602 2470 637 2534 iu
659 2465 801 2535 Jordane
822 2473 943 2535 hecnon
967 2469 1192 2554 predicantem.

322 2576 484 2642 Johannes
507 2575 618 2641 Jcsum
639 2580 858 2641 transeuntem
879 2575 989 2640 videbo
1011 2575 1242 2641 demonstravit

243 2701 295 2738 ³2⁴⁵
320 2680 430 2767 Ipsum
452 2702 510 2746 suo
530 2680 635 2767 digito
656 2681 762 2745 dicens
784 2680 843 2746 hec
865 2680 1030 2745 clamavit:

326 2785 426 2852 »Ecce
447 2802 539 2851 verus
562 2798 665 2871 agnus
688 2786 748 2866 dei,
771 2782 882 2851 mundi
905 2786 960 2870 qui
983 2789 1112 2869 peccata

328 2891 429 2957 Tollit
450 2895 546 2976 atque
568 2891 687 2957 scelera
707 2890 831 2957 relaxet
852 2894 1063 2976 perpetrata«

280 3207 384 3294 Quod
412 3208 572 3303 apostoli
600 3206 769 3280 adiuncti
793 3210 885 3279 sunt
911 3206 937 3279 J
939 3229 1004 3280 esu
1032 3205 1192 3280 Christo.

325 3415 392 3482 Hec
414 3416 541 3502 quidam
565 3436 604 3481 er
626 3415 789 3499 discipulis
811 3412 974 3480 Johannes
997 3415 1159 3479 audientes

323 3519 544 3606 Sequebaneur
566 3520 705 3598 domino,
728 3517 910 3586 Johannem
935 3519 1159 3602 relinquentes.

244 3645 296 3682 ³⁷⁵0
321 3624 371 3690 Ex
392 3625 443 3690 his
466 3627 522 3711 qui
540 3625 655 3690 desum
678 3625 892 3708 sequebantur
915 3622 1058 3689 Andreas
1081 3623 1145 3688 fult
1168 3646 1259 3702 unus,

323 3729 383 3805 Qui
407 3730 527 3814 primus
550 3730 760 3815 apostolicum
781 3733 832 3795 eat
853 3732 1048 3795 consecutus¹
1061 3748 1186 3794 munus.

324 3833 385 3899 Hic
407 3837 539 3900 adduxit
560 3836 695 3900 tratrem
717 3854 811 3899 suum
832 3833 964 3900 Petrum
987 3833 1193 3918 appellatum,

325 3939 552 4023 Apostolorum
575 3941 627 4005 cni
647 3940 735 4005 dedit
757 3938 851 4005 Jesub
873 3939 1098 4024 principatum.

324 4043 408 4109 Hinc
429 4043 615 4130 Philippum
637 4046 677 4109 ad
699 4066 732 4109 se
755 4042 848 4109 cocat
869 4048 903 4109 et
925 4052 1018 4109 natos
1040 4042 1173 4109 Zebedei

246 4167 298 4204 ³⁷⁶⁵
324 4146 504 4215 Johanuem
527 4155 623 4236 atque
645 4149 802 4215 Jaeobum
823 4153 857 4215 et
878 4149 961 4215 filios
985 4147 1113 4233 Alphei.

323 4251 480 4319 Jacobum
503 4258 534 4320 et
556 4253 727 4335 Simonem,
751 4253 869 4319 Judam
893 4259 926 4319 et
947 4252 1125 4334 Matheum,

325 4358 433 4444 Atque
454 4359 611 4425 Thomam
633 4359 797 4445 Dydinum
820 4362 852 4425 et
875 4360 1146 4438 Bartholomeum‚

323 4462 455 4531 Necnon
477 4464 596 4531 dudam
617 4466 811 4550 ploditdrem
835 4466 874 4531 de
896 4463 1053 4543 Scarioth
1078 4468 1116 4528 ut
1137 4463 1251 4548 plenus

1066 4568 1083 4627 9
1095 4566 1111 4598 a
