3000 5125
664 416 725 482 ac?

203 609 254 650 ruas
281 592 426 673 Tribuat,
451 596 483 659 et
504 593 630 658 veniam
653 592 804 660 scelerum
827 614 979 675 meorum,

281 697 328 768 Ut
349 721 419 766 mea
440 697 537 784 digne
558 696 681 766 valeam
702 697 818 764 delicta
838 699 989 783 penitere,

279 804 386 889 Atque
409 826 478 870 mea
500 825 561 894 que
582 803 727 868 commin
749 802 893 869 facinora
916 803 1039 869 deflere.

278 907 411 993 Insuper
433 906 494 972 hcc
516 906 675 991 deprecor,
698 905 812 988 Maria,
835 912 938 973 mater
960 908 1019 988 dei,

278 1013 459 1099 Dignanter
480 1016 516 1080 ut
539 1011 691 1097 suscipias
712 1012 838 1082 laudem
861 1017 972 1082 cantus
995 1013 1067 1093 mei,

200 1136 251 1174 ⁷⁰⁹⁰
278 1119 323 1184 nr
345 1140 364 1182 a
385 1139 437 1184 me
459 1138 524 1182 non
546 1118 699 1186 avertaris
721 1139 778 1201 per
799 1121 889 1186 tuam
910 1118 1062 1202 pietatem

277 1221 390 1307 Neque
412 1222 494 1286 mihi
517 1222 687 1290 subtrahas
710 1227 800 1292 tuam
822 1223 1017 1310 largitatem,

278 1326 313 1392 si
334 1328 440 1413 magis
463 1350 558 1413 quarn
581 1329 749 1395 debueram
772 1351 868 1398 cansa
889 1334 921 1396 te
943 1330 1092 1398 laudandi

278 1431 467 1519 conscripsi,
491 1432 541 1499 rel
564 1433 726 1502 occasione
747 1434 897 1502 carminis
919 1435 1068 1504 dictandi.

220 1670 291 1745 Hic
318 1674 452 1745 auctor
480 1671 667 1746 satisfacit
694 1674 938 1767 arguentibus
966 1674 1167 1770 hocopus.

276 1853 434 1922 Libellum
455 1855 551 1924 huius
573 1857 721 1922 carminis
743 1856 890 1924 omnibus
914 1857 1097 1924 transmitto

200 1977 252 2024 ran
278 1960 380 2028 Maria
401 1962 614 2041 dilectoribus,
638 1966 671 2027 et
691 1962 769 2047 ipsis
791 1962 852 2030 hoc
873 1962 1048 2041 committo,
1105 2011 1109 2020 .

275 2063 322 2132 Ut
343 2066 403 2134 hoc
425 2088 504 2151 opus
527 2068 694 2153 perlegant
715 2071 747 2133 et
769 2068 933 2154 corrigant
954 2067 1137 2153 perlectum,

277 2171 321 2240 Et
343 2172 440 2240 etiam
462 2173 652 2253 examinent,
675 2173 728 2242 hio
749 2173 835 2242 ferte
855 2174 884 2238 si
906 2173 1063 2244 defectum

274 2273 426 2361 Aliquem
447 2278 636 2356 invenerint,
661 2278 710 2343 vel
732 2278 806 2343 fidei
829 2300 987 2355 errcrem;

275 2379 324 2446 Ob
349 2382 483 2467 benigne
505 2382 556 2448 dei
577 2383 689 2447 matris
712 2387 745 2448 et
767 2383 902 2468 virginis
924 2404 1063 2447 amorem

195 2504 247 2543 sou
273 2484 368 2551 Hunc
390 2488 568 2573 suppleant,
592 2489 641 2553 vel
662 2489 836 2575 corrigant,
860 2489 909 2553 vel
932 2488 1029 2554 etiam
1051 2488 1217 2566 abradant,

272 2590 344 2673 Vel,
367 2594 395 2658 si
417 2595 530 2678 placet,
555 2599 659 2661 totum
674 2595 792 2659 librum
809 2595 847 2659 ad
864 2595 1110 2661 comburendum
1126 2594 1264 2658 tradant.

274 2697 356 2775 Quia
377 2721 442 2784 non
462 2698 592 2765 intendo
615 2700 785 2785 quiequam
807 2700 859 2764 hie
883 2699 1104 2786 dogmatizare,

275 2800 336 2868 Sed
357 2804 486 2869 modum
508 2827 564 2889 per
585 2806 744 2889 poeticum
768 2807 989 2871 tantummodo
1010 2806 1138 2870 laudare

273 2905 429 2974 Volebam
453 2909 503 2974 dei
524 2911 710 2995 genitricem
733 2915 766 2977 et
788 2911 944 2997 virginem
966 2911 1102 2976 Mariam

195 3030 246 3068 aas
273 3010 334 3078 Per
355 3013 447 3078 istius
469 3014 617 3079 carminis
639 3016 749 3080 rudem
771 3016 943 3100 poetriam3

273 3116 342 3182 Nec
365 3141 423 3203 pro
446 3142 520 3185 vero
542 3142 599 3185 nee
620 3143 679 3204 pro
701 3120 784 3186 falso
807 3121 975 3205 quicquam
997 3121 1051 3186 hic
1077 3121 1218 3200 defende,

273 3219 413 3287 Tantum
435 3224 544 3290 laudes
567 3225 618 3291 dei
639 3225 751 3291 matris
775 3230 807 3291 et
829 3227 962 3312 virginis
984 3227 1142 3306 canend03

273 3326 316 3405 ar
339 3329 486 3394 omnibus
507 3330 688 3417 legentibus
710 3332 845 3396 concedo
868 3332 1053 3397 facultatem

273 3430 460 3517 corrigendi
481 3437 531 3500 vel
554 3437 687 3516 delendi,
710 3437 738 3501 si
761 3459 857 3521 quam
880 3437 1052 3502 falsitatem

194 3555 246 3593 scre
273 3535 467 3618 invenerint,
491 3540 637 3607 inducere
659 3565 720 3627 que
742 3543 870 3607 valeant
892 3564 1045 3617 errorem;

273 3640 357 3708 Nam
381 3645 483 3708 solum
506 3646 557 3710 dei
577 3647 689 3712 matris
712 3669 810 3732 querc
833 3630 957 3712 laudem
980 3652 1011 3712 et
1033 3648 1194 3712 honorem.

272 3744 323 3811 Sic
345 3749 484 3834 garrulis
507 3755 539 3815 et
560 3752 676 3816 invidis
699 3752 834 3816 facultas
857 3752 1042 3817 detrahendi

272 3848 480 3919 Subtrahitur
502 3859 535 3920 et
557 3855 669 3927 emulis
692 3856 813 3921 occasio
835 3855 1007 3921 mordendi.

113 4069 184 4142 Hic
211 4072 319 4164 ponit
346 4078 478 4148 auctor
505 4076 667 4168 gratiam
701 4076 906 4168 legentium
934 4077 995 4151 vel
1028 4076 1258 4150 audientium
1335 4144 1341 4151 .

277 4196 335 4268 vel
363 4197 473 4269 scribi
501 4198 786 4291 procurantium
815 4200 914 4272 hunc
941 4200 1092 4272 librum.

268 4376 364 4441 Hune
385 4376 504 4444 librum
527 4379 627 4463 siquis
651 4380 766 4467 legerit
787 4381 828 4446 ob
849 4381 976 4446 laudem
989 4386 1030 4448 et
1053 4383 1195 4453 decorem

191 4500 243 4538 ³01⁶
269 4482 379 4551 Dulcis
401 4483 502 4551 Maria
525 4485 670 4572 virginis,
694 4508 815 4574 necnon
838 4488 876 4552 ad
899 4487 1052 4560 honorem
