3000 5125
677 256 816 369 103⁶
930 255 939 271 ⁹

197 498 264 537 aoso
291 478 350 545 Sed
373 502 445 544 cum
469 480 565 544 miser
586 480 640 544 ille
662 503 754 545 suum
777 480 888 564 pedem
910 481 1056 559 elevaret,

288 585 334 651 Ut
356 586 463 650 avium
485 585 545 649 has
567 584 722 650 formulas
745 589 874 649 cunctas
898 587 1104 667 conculcaret,

288 690 370 755 Puer
393 690 486 755 Jesus
508 713 622 755 sonum
641 692 728 755 dedit
749 714 862 756 manus
885 692 1120 776 compulsando,

287 794 377 861 Sicut
399 796 533 882 effugari
556 797 660 862 solent
681 819 754 862 aves
777 797 957 881 aliquando.

288 902 338 966 Ad
360 901 445 966 hunc
467 924 580 966 sonum
602 902 657 966 ille
679 903 780 967 forme
801 903 908 967 vivere
929 892 1090 986 ceperunt,

201 1022 267 1064 2⁹⁶6
288 1008 332 1072 nt
352 1009 387 1071 in
410 1030 482 1073 aves
505 1011 717 1073 transmutata
740 1030 814 1074 mox
837 1008 1062 1086 evolaverunt;

290 1111 380 1177 Sicut
401 1113 527 1178 evolare
552 1114 656 1178 solent
678 1136 751 1178 aves
775 1136 847 1179 cum
869 1114 1034 1199 fugantur,

288 1217 339 1283 Sic
360 1219 498 1283 extensis
521 1218 579 1284 alis
602 1219 667 1283 suis
690 1219 724 1283 in
747 1220 850 1284 altum
873 1219 1066 1299 ferebantur,

288 1321 348 1388 Sed
371 1344 443 1388 cum
464 1323 526 1388 hoc
549 1324 587 1388 ad
611 1324 755 1388 homines
777 1323 863 1388 fama
884 1323 1071 1404 devenisset,

287 1427 422 1493 Factum
444 1432 511 1492 tam
533 1428 679 1493 mirabile
701 1427 795 1493 Jesus
819 1429 904 1514 quod
925 1428 1059 1507 fecisset,

206 1553 262 1590 2⁹⁶0
288 1532 448 1598 Dixernnt
470 1534 616 1618 quidam:
641 1557 720 1619 puer
742 1535 795 1599 hio
816 1534 902 1599 filius
927 1539 976 1599 est
998 1534 1049 1598 dei

285 1639 347 1704 Vel
370 1639 497 1703 deitatis
520 1638 640 1724 ahquid
665 1661 782 1705 numen
804 1641 888 1705 inest
910 1642 949 1705 ei.

289 1744 424 1822 Quidam
447 1749 574 1809 autem:
597 1767 710 1831 magus
732 1745 785 1810 hic
808 1750 857 1811 eat
878 1750 910 1810 et
932 1746 1132 1813 incantator'

288 1849 332 1914 Et
353 1851 523 1915 demonum
545 1850 692 1936 prestigii
715 1871 808 1918 verus
831 1851 1010 1937 indagator.

350 2167 453 2252 Quod
480 2169 607 2243 leones
634 2170 890 2243 adoraverunt
916 2170 1059 2244 desum.

288 2377 457 2442 Desertum
479 2377 637 2462 quoddam
660 2398 699 2441 ex
722 2377 825 2441 vicino
848 2399 867 2441 a
888 2375 1050 2444 Nazareth
1073 2379 1223 2460 distabat,

134 2503 139 2512 ·
211 2504 261 2542 sees
287 2483 325 2548 In
350 2506 412 2569 quo
434 2504 553 2569 magno
576 2482 749 2546 multitudo
771 2482 899 2547 leonum
920 2482 1100 2565 habitabat,

287 2588 347 2665 Qui
371 2588 490 2652 vicinas
513 2588 659 2672 regiones
683 2588 822 2672 undique
844 2590 1024 2670 vastabant,

285 2696 365 2761 (lum
389 2694 539 2786 iumentis
561 2694 705 2760 homines
727 2698 875 2760 vorantes
897 2695 1090 2761 lacerabant.

286 2801 346 2866 Die
369 2801 506 2886 quadam
528 2820 664 2884 magnus
686 2799 735 2864 leo
759 2800 847 2864 veuit
868 2823 967 2885 prope
989 2800 1099 2865 villam

286 2906 458 2984 Nazareth,
482 2910 513 2969 et
535 2904 679 2970 homines
701 2905 917 2971 inhabitantes
940 2907 1039 2985 illam,

207 3031 257 3068 2⁹⁷0
286 3011 365 3077 Cum
387 3012 535 3076 viderunt
556 3010 641 3074 hunc
663 3010 796 3089 leonem,
819 3013 956 3076 multum
978 3013 1162 3093 timuerunt,

287 3116 389 3182 Simul
412 3140 484 3182 cum
505 3117 654 3181 iumentis
677 3117 742 3182 suis
766 3118 805 3182 ad
827 3117 965 3183 latebras
988 3116 1152 3204 fugerunt,

287 3223 370 3288 Puer
391 3223 484 3289 Jesus
507 3223 545 3287 de
566 3221 704 3288 Castello
727 3223 813 3288 solus
836 3228 884 3288 est
906 3245 1050 3309 egressus

287 3330 331 3394 Et
353 3328 434 3393 nihil
457 3332 506 3393 est
527 3328 672 3393 molestie
694 3328 734 3391 de
756 3328 859 3392 bestia
881 3349 1056 3411 perpessus.

288 3433 347 3499 Sed
370 3433 422 3498 hic
445 3455 523 3519 puer
545 3433 585 3497 ad
607 3415 731 3497 leonem
753 3454 824 3496 cum
847 3433 1125 3517 appropinquavit,

207 3559 260 3597 aava
287 3539 396 3624 Ipsum
418 3539 467 3604 leo
489 3560 594 3624 genua
617 3538 745 3603 flectens
769 3538 928 3615 adoravit3

287 3644 491 3729 Quocumque
513 3668 591 3729 puer
615 3644 801 3710 ambulabat
822 3644 871 3711 leo
895 3645 1095 3728 sequebatur,

286 3750 487 3837 Lingensque
510 3748 646 3834 vestigia
668 3749 919 3814 deosculabatur.

173 3868 175 3871 ’
287 3856 346 3920 Sed
368 3855 469 3920 leonis
492 3855 530 3918 ad
554 3855 738 3939 speluncam
759 3856 879 3941 pariter
901 3855 1039 3933 iverunt,

288 3961 336 4025 lbi
358 3960 476 4049 multos
499 3961 663 4025 latitantes
685 3960 791 4024 leones
813 3960 1014 4038 invenerunt,

206 4085 259 4122 2⁹⁸⁰
286 4065 382 4131 Senes
404 4070 500 4150 atque
523 4066 663 4143 iuvenes,
687 4067 742 4151 qui
765 4066 860 4131 simul
884 4069 1098 4145 occurrerunt,

286 4172 452 4258 Tanquam
474 4194 566 4236 suum
589 4171 753 4236 domiuum
776 4171 886 4245 desum
908 4175 1122 4255 susceperunt.

239 4319 240 4322 =
286 4278 371 4342 Ante
393 4278 486 4361 pedes
508 4277 598 4362 pueri
622 4278 728 4342 leones
751 4281 940 4342 corruerunt

285 4383 474 4463 Adorantes,
496 4384 590 4448 deum
613 4405 705 4448 suum
727 4383 813 4449 hunc
836 4405 902 4449 esse
925 4385 1153 4469 cognoverunt.
