3000 5125
689 406 749 474 107

300 563 446 663 Longam
468 579 553 643 viam
575 579 691 645 ivimus
708 584 746 646 'te
769 581 875 649 triduo
898 561 1065 668 querentes
1078 586 1105 649 !‹

300 681 394 774 lesus
417 681 457 747 ad
480 704 532 746 eos
554 682 617 748 ait:
642 682 725 748 »Cur
748 707 798 749 me
820 686 1010 770 querebatis,

300 783 405 863 Quare
426 809 484 871 pro
507 810 557 853 me
580 789 738 869 doluistis,
758 813 799 854 an
822 792 1019 869 nesciebatis,

222 909 273 947 coeo
301 888 390 968 Quod
413 893 447 956 in
469 892 520 958 his
543 916 604 980 que
626 896 738 979 primis
760 900 835 961 sunt
857 919 908 962 me
930 901 1055 983 oportet
1077 921 1153 980 esse,

300 996 345 1060 Et
365 998 464 1082 ipsius
487 1003 597 1065 teneor
619 1022 718 1087 regno
741 1002 805 1067 iam
828 1008 993 1086 preesset«

300 1100 337 1166 In
361 1104 453 1169 corde
475 1127 533 1169 suo
555 1110 657 1172 mater
679 1108 745 1172 eius
769 1111 882 1173 cuncta
903 1108 1061 1174 retinebat

299 1206 497 1275 Descendens
520 1205 614 1276 Jesus
636 1232 708 1276 oum
731 1212 776 1277 eis
797 1212 848 1277 his
871 1213 1016 1279 subditus
1039 1215 1190 1280 manebit.

529 1529 581 1604 De
607 1530 780 1625 profectu
805 1531 911 1622 lesu.

300 1739 466 1804 Crescebat
488 1742 594 1804 autem
617 1761 695 1823 puer
717 1738 811 1804 Jesus
834 1742 866 1803 et
888 1738 1137 1820 confortabatur,

219 1863 272 1900 ³0⁹⁶
299 1844 379 1909 'lam
402 1846 459 1909 deo
483 1868 578 1930 quam
602 1845 784 1911 hominibus
807 1848 919 1930 gratus
942 1844 1129 1909 habebatur.

297 1949 382 2016 Nam
405 1952 517 2035 plenus
540 1951 696 2035 sapientia
717 1950 781 2015 fuit
804 1954 836 2015 et
858 1952 986 2031 virtute,
1082 1953 1085 1958 '

297 2054 443 2122 Intentus
466 2061 498 2121 et
519 2056 673 2121 sollicitus
697 2057 734 2121 de
757 2057 867 2140 populi
890 2056 1001 2120 salute.

298 2159 335 2224 ln
360 2162 451 2225 bonis
474 2162 557 2227 enim
581 2162 722 2226 moribus
744 2184 823 2245 puer
845 2162 993 2241 adolevit,

297 2264 336 2328 In
359 2266 542 2351 cunctisque
564 2267 737 2331 virtutibus
760 2269 792 2330 et
813 2267 983 2332 sanctitate
1005 2266 1113 2332 crevit.

221 2388 271 2424 ³¹0⁰
297 2368 335 2433 ln
358 2370 514 2435 universis
536 2371 659 2435 actibus
682 2372 829 2436 servabat
851 2371 1060 2455 disciplinam,

164 2515 165 2518 =
297 2474 446 2539 Imitatus
469 2475 696 2562 prophetarum
718 2480 909 2562 patrumque
931 2476 1126 2555 doctrinam3

295 2578 469 2665 Nunquam
492 2583 577 2661 levis,
601 2605 765 2667 nunquam
788 2603 897 2661 vanus,
920 2594 1085 2667 nunquam
1110 2583 1290 2662 iracundus,

297 2685 335 2750 ln
359 2692 485 2771 aspectu
508 2689 659 2772 placidus,
681 2689 769 2752 mitis
791 2692 822 2752 et
844 2687 1005 2767 iocundus,

298 2791 373 2856 Pius
396 2798 428 2857 et
450 2794 654 2878 compatiens,
677 2794 783 2858 suavis
807 2797 839 2858 et
861 2793 1027 2879 benignus,

219 2914 269 2952 uos
284 2896 412 2981 Plenus
435 2899 521 2961 omni
544 2899 659 2983 gratia,
682 2901 796 2962 cuncta
818 2898 910 2962 laude
932 2898 1057 2983 dignus.

296 3001 468 3087 Nunquam
491 3003 603 3080 tristis,
626 3025 791 3086 nunquam
814 3003 914 3087 piger,
938 3025 1003 3067 non
1025 3001 1207 3082 accidiosus,

298 3106 343 3172 Ut
365 3109 462 3172 moris
486 3112 534 3172 est
555 3108 731 3187 iuvenibus,
754 3107 834 3172 nihil
858 3108 1009 3173 curiosus.

261 3284 264 3289 ,
297 3213 410 3294 Verax,
433 3214 546 3291 iustus,
569 3213 703 3291 stabilis,
725 3214 874 3296 prudens,
897 3212 1011 3290 bonus,
1033 3214 1146 3291 rectus,

260 3300 264 3313 ’
300 3317 431 3397 urnas,
456 3318 603 3397 marrus,
627 3318 774 3382 omnibus
797 3317 940 3382 arrectus.

167 3460 170 3467 ·
218 3444 270 3478 ³¹10
299 3423 384 3488 Raro
401 3422 543 3509 loquens
559 3430 723 3508 nunquam
737 3423 853 3501 ridens,
866 3444 975 3506 purus,
988 3421 1131 3505 simplex,
1144 3419 1292 3497 mundus,

298 3529 400 3614 Loqui
422 3552 498 3609 cum·
516 3530 689 3613 opportuit,
714 3529 849 3593 disertus
872 3533 904 3593 et
925 3527 1091 3592 facundus.

299 3632 372 3697 Non
396 3635 571 3713 clamosus,
595 3656 696 3719 neque
718 3656 849 3717 proceps
872 3634 905 3697 in
930 3633 1033 3697 verbis
1056 3653 1158 3715 neque
1181 3629 1289 3706 durus,

298 3736 365 3802 Nec
388 3738 539 3823 prolixus,
564 3738 617 3801 sed
640 3739 780 3822 precisus
802 3737 866 3801 fnit
889 3743 921 3801 et
943 3730 1097 3800 maturus.

298 3840 426 3907 Patiens
449 3849 481 3907 et
503 3843 645 3921 humilia,
669 3844 811 3923 devotus,
835 3843 995 3907 studiosus
1195 3827 1197 3830 Α

201 3956 271 4001 '³11⁶
298 3936 467 4012 Honorans
490 3970 598 4012 omnes
621 3948 774 4028 homines,
798 3948 919 4012 cunetis
942 3948 1112 4033 gratiosus.

298 4050 395 4116 Suam
417 4053 605 4137 sapientiam
628 4074 737 4117 omnes
759 4053 970 4131 mirabantur,

297 4154 335 4220 In
358 4180 395 4222 eo
418 4158 487 4222 fore
509 4159 657 4242 spiritum
680 4160 731 4223 dei
753 4160 965 4235 testabantur,

298 4259 346 4324 Eo
369 4262 451 4345 quod
476 4267 543 4325 tam
565 4262 706 4327 maxima
727 4263 860 4346 polleret
883 4285 921 4327 ex
944 4264 1073 4340 virtute,

297 4363 334 4429 ln
357 4366 449 4431 annis
472 4368 646 4451 puerilibus
670 4389 706 4432 ac
729 4369 788 4432 tali
811 4369 987 4436 iuventute.

219 4487 270 4524 ³¹²0
298 4466 349 4534 Sic
371 4469 566 4556 Jesus'puer
587 4466 704 4537 claruit
726 4472 805 4537 etati
829 4471 954 4558 puerili,
