3000 5125
742 316 805 383 172

277 513 329 552 ⁶⁰⁸⁰
355 492 416 561 Sed
437 492 543 560 Maris
562 492 722 559 modicum
743 492 784 558 ad
805 496 945 559 mentem
966 514 1040 558 cum
1061 492 1203 575 redisset,

355 600 401 665 Et
422 599 540 666 doloris
560 598 749 685 magnitudo
771 598 854 664 vires
877 598 1057 680 addidisset,

356 705 456 771 Velut
478 726 586 771 amens
607 705 642 769 in
664 704 782 770 doloris
804 704 927 789 impetu
947 704 1094 786 surrexit,

357 810 441 888 Quid
463 811 567 876 adhuc
587 810 627 875 de
647 809 714 876 fflio
736 810 827 875 fieret
848 810 997 896 respexit.

357 914 418 983 Sed
440 916 544 982 adhuc
565 938 637 982 cum
659 919 801 982 cerneret
823 917 928 1003 ipsum
949 916 1092 999 cruciari,

279 1041 331 1081 roos
357 1021 455 1088 Pedes
478 1045 551 1088 suos
573 1022 676 1089 ferreo
698 1023 789 1089 clavo
810 1022 977 1109 perforari,

358 1126 499 1194 Rursum
520 1129 612 1214 cepit,
635 1129 718 1194 sicut
740 1130 839 1216 prius,
862 1151 969 1195 amare
991 1128 1085 1195 nimis
1108 1128 1193 1210 flere,

358 1232 555 1320 Planctuque
577 1235 750 1301 miserabili
772 1235 919 1322 cepitque
940 1236 1059 1321 lugere.

358 1336 510 1414 Quotiens
531 1361 603 1405 cum
624 1340 740 1405 melleo
762 1325 870 1405 clavus
892 1339 1062 1420 doleretur,

359 1442 407 1510 Ut
429 1444 470 1509 ad
491 1466 614 1510 crucam
636 1445 722 1510 filius
744 1445 812 1512 eius
834 1446 996 1533 figeretur,

281 1564 333 1604 ⁶⁰⁷⁰
360 1548 490 1615 Totiens
512 1550 670 1616 clamabat
690 1551 837 1634 stridens,
860 1573 896 1617 ac
917 1552 945 1617 si
966 1553 1147 1636 penetraret

360 1652 421 1719 Per
443 1676 498 1720 cor
519 1656 586 1722 eius
608 1657 744 1743 gladius,
768 1657 851 1724 hauc
873 1657 928 1744 qui
951 1657 1141 1733 trucidaret3

361 1759 406 1826 Et
427 1761 468 1826 ad
489 1761 572 1828 ictus
594 1763 737 1851 singulos
759 1764 867 1829 mallei
889 1762 1054 1842 stridebat,

360 1864 459 1931 Velut
480 1866 551 1950 ipsa
571 1868 724 1955 figeretur
745 1892 802 1955 per
823 1891 878 1936 aor
898 1869 945 1936 its
966 1869 1074 1935 flebat.

361 1971 515 2049 Quotiens
537 1995 610 2039 cum
630 1974 783 2040 melleum
804 1975 926 2041 videret
947 1973 1064 2041 elevari

283 2095 335 2134 ⁶⁰⁷⁶
362 2077 476 2145 Oleros
499 2079 539 2144 ad
561 2080 778 2146 incutiendum
800 2102 856 2166 per
877 2081 971 2165 pedes
993 2083 1026 2146 et
1048 2079 1177 2161 vibrari,

360 2184 494 2250 Eiulans
515 2185 550 2250 in
572 2184 747 2250 maximum
769 2186 917 2272 prorupit
938 2185 1107 2267 ululatum,

362 2288 461 2357 Velut
482 2296 578 2376 caput
600 2293 648 2358 vel
672 2314 726 2358 cor
748 2292 816 2357 eius
838 2291 923 2358 foret
944 2292 1163 2369 vulneratum

363 2394 673 2486 Comploditmanus,
682 2397 948 2483 tundenspectus,
965 2396 1089 2478 stridat,
1100 2398 1226 2478 clamat,
1238 2396 1356 2483 plorat.

363 2501 423 2568 Pre
445 2502 552 2569 dolore
574 2503 683 2585 nimio,
707 2503 782 2589 quid
805 2502 933 2585 feceret,
957 2503 1104 2590 ignoret3

284 2624 336 2664 ⁶08⁰
362 2606 490 2674 Evulsit
511 2609 622 2690 crines,
645 2610 776 2695 peplum
797 2609 900 2691 scidit,
922 2612 1019 2694 ceput
1040 2608 1229 2690 verberavit,

367 2711 470 2779 (lenas
492 2716 618 2781 sulcans
640 2715 803 2802 unguibus
825 2719 926 2781 vestes
949 2715 1116 2795 lacerarit3

364 2818 461 2885 Modo
482 2821 576 2901 cadit,
598 2822 693 2887 modo
714 2821 829 2909 surgit,
852 2843 937 2887 nunc
957 2820 1075 2903 stabat,
1098 2842 1183 2886 nunc
1204 2820 1345 2902 sedebat,

299 2980 303 2985 ,
364 2923 443 3008 Sepe
465 2949 573 2992 versus
594 2927 696 2993 filium
717 2950 832 2993 munus
853 2926 1051 2994 extendebat.

365 3029 445 3096 Tam
466 3031 705 3100 lacrimabiliter
725 3031 859 3118 lugebat
880 3036 912 3098 et
933 3032 1101 3111 clamabat,

287 3154 339 3194 roas
365 3135 456 3213 Quod
478 3136 631 3219 plurimos
655 3138 694 3203 ed
715 3138 862 3203 lacrimas
885 3142 1025 3204 astantes
1047 3135 1258 3223 provocabat,

365 3241 640 3310 inconsolabiliter
661 3244 839 3309 lamentans
862 3242 1002 3309 eiulabat
1130 3235 1133 3240 ’

365 3346 410 3413 Et
431 3348 492 3413 boc
513 3347 645 3414 verbum
667 3351 772 3435 sepius
793 3351 913 3416 iterans
935 3347 1112 3415 clamabat:

370 3451 451 3518 »Fili
472 3455 516 3518 mi
540 3477 559 3521 o
581 3454 628 3520 fili
650 3455 704 3536 mi,
727 3455 776 3521 fili
797 3456 842 3520 mi
864 3476 883 3520 o
904 3454 962 3533 fili,

367 3557 430 3624 Pro
452 3562 485 3624 te
506 3560 588 3625 mori
610 3560 651 3625 da
672 3560 753 3625 mihi
774 3560 825 3626 vel
847 3563 952 3625 tecum
974 3562 1056 3626 mori
1078 3559 1142 3625 fili!

290 3682 341 3722 ⁵0⁹0
368 3664 486 3731 Tollite
508 3689 559 3731 me
579 3665 737 3748 miseram,
761 3667 801 3732 ad
823 3687 947 3732 crucam
969 3666 1178 3751 suspendatis,

324 3831 327 3835 .
368 3770 413 3835 Et
435 3772 546 3835 matris
569 3794 640 3836 cum
662 3771 729 3837 filio
751 3772 852 3837 ritem
874 3771 1013 3837 finiatis!

368 3873 395 3939 Ο
418 3876 445 3940 si
468 3875 547 3940 mihi
570 3877 682 3942 misere
704 3878 833 3944 daretur
855 3877 949 3943 modo
971 3876 1061 3956 mori,

368 3979 415 4047 Ut
437 4004 493 4067 per
513 3987 648 4048 mortem
670 3982 766 4049 finem
788 4005 859 4049 meo
878 4004 1026 4068 ponerem
1048 3981 1167 4048 dolori!

368 4085 433 4151 Fili
454 4088 508 4168 mi,
531 4110 551 4154 o
572 4088 620 4154 fili
641 4090 695 4170 mi,
717 4089 766 4155 fili
788 4091 842 4171 mi,
867 4089 974 4156 ofili!

778 4227 796 4267 ’l‘

261 4329 556 4474 '52818'89'9311'8'
577 4353 609 4390 w.
636 4334 702 4406 filgt
728 4334 757 4390 ll
784 4352 831 4391 am
858 4332 957 4392 schluss
984 4333 1056 4393 noch
1082 4331 1128 4389 ein
1157 4327 1352 4413 uberfluuipes

214 4434 285 4471 ›mr‹
335 4436 397 4476 uzu.
1074 4422 1080 4437 ⁸
1200 4442 1209 4466 ⁸
