3000 5125
785 365 847 438 leo

397 550 442 616 m
463 548 538 613 huic
560 547 602 613 ob
623 546 777 611 invidiam
801 549 935 611 mortem
958 542 1144 622 moliuntur,

397 653 451 720 Ab
474 644 583 719 e'orum
604 652 752 718 manibus
773 652 859 715 hunc
882 651 990 715 volens
1012 648 1157 727 liberare,
1209 710 1211 714 ,

400 760 461 826 Sed
483 781 591 825 eorum
613 757 732 823 furiam
754 757 844 842 prius
865 755 937 820 vult
958 754 1077 834 sedare,

399 866 509 931 Dixit:
536 863 764 950 »Egofaciam
785 863 872 927 hunc
893 861 960 927 cedi
982 881 1055 925 cum
1076 854 1235 944 flagellis

321 990 373 1028 6666
400 970 482 1048 Quia
503 970 594 1035 vobis
616 974 713 1055 utque
734 968 848 1034 vestris
871 971 919 1033 est
941 966 1066 1053 legibus
1090 962 1239 1037 rebellis3

398 1075 460 1140 Per
481 1076 542 1140 hoc
563 1074 653 1140 vobis
676 1073 754 1139 satis
777 1071 838 1137 fiat
858 1071 944 1136 hunc
964 1092 1029 1135 non
1051 1069 1210 1148 occidatis,

398 1179 466 1246 Nec
488 1203 580 1245 suum
601 1180 768 1244 innoxium
789 1177 977 1263 sanguinem
999 1176 1170 1242 fundatis«

407 1497 514 1583 Quod
541 1499 652 1572 Jesus
679 1498 820 1591 ligatus
848 1494 980 1569 estad
1008 1495 1232 1568 columnam.

401 1706 491 1772 Tunc
514 1704 607 1772 Jesus
628 1706 876 1794 benignissimus
899 1706 1020 1791 ligatur
1042 1706 1082 1769 ad
1104 1707 1284 1773 columnam

400 1815 451 1879 Ex
474 1813 607 1879 vinculis
629 1836 780 1901 maguam
802 1813 913 1898 utique
934 1835 1046 1896 passus
1069 1816 1117 1878 est
1140 1834 1314 1877 erumnam.

322 1936 375 1975 6666
401 1918 486 1984 Nam
507 1919 610 2003 primo
633 1919 758 1984 vinctus
781 1918 887 1984 fuerat
909 1918 1056 1983 manibus
1079 1919 1117 1983 ad
1142 1918 1280 1997 dorsum,

399 2022 518 2089 Sclutis
539 2024 605 2090 illis
627 2025 762 2090 vinculis
784 2024 837 2090 hic
860 2025 981 2110 ligatur
1003 2046 1138 2088 rursum.

398 2128 493 2194 Hunc
516 2134 590 2194 ante
612 2130 667 2215 qui
690 2130 870 2215 ligaverant
891 2135 924 2195 et
945 2131 1039 2195 modo
1061 2130 1253 2216 ligaverunt,

400 2232 537 2299 Tantum
561 2236 644 2300 circa
666 2235 798 2300 brachia
821 2235 977 2320 ligamina
997 2235 1206 2309 strinxerunt,

399 2338 490 2415 Quod
511 2341 545 2404 in
568 2341 634 2405 suis
656 2340 804 2405 manibus
826 2364 899 2406 cum
921 2346 992 2407 cute
1014 2363 1088 2407 caro
1110 2342 1206 2427 rupit,

320 2464 372 2502 4666
399 2443 444 2510 Et
466 2469 572 2531 purus
587 2447 718 2531 sanguis
741 2446 779 2511 de
801 2448 867 2511 suis
888 2448 1050 2533 unguibus
1073 2447 1195 2532 erupit3

399 2554 444 2620 ut
466 2577 539 2620 eum
561 2554 758 2619 amarissime
779 2553 916 2641 flagellis
938 2555 1129 2633 ceciderunt,

399 2658 509 2724 Nec'a
530 2658 748 2745 flagellatione
770 2660 829 2725 tali
851 2666 1064 2741 cessaverunt,

399 2763 507 2830 Donec
529 2769 634 2830 totum
656 2787 769 2850 comus
793 2766 860 2831 eius
883 2766 1086 2851 perfunditur
1109 2786 1220 2831 cruore

399 2868 444 2933 Et
466 2870 667 2936 vulneratum
690 2873 829 2957 undique
851 2873 1003 2959 nigrescit
1026 2896 1064 2937 ex
1086 2873 1194 2937 livore.

571 3187 675 3274 Quod
702 3191 813 3265 Jesus
841 3193 972 3266 illusus
1000 3194 1069 3266 est.

321 3416 375 3454 4666
403 3395 482 3464 (lum
504 3397 614 3466 Jesum
638 3401 889 3489 flagellaverant,
913 3423 1055 3467 seorsum
1077 3400 1285 3479 deduxerunt,

401 3504 495 3570 Hunc
517 3506 615 3572 Pilati
637 3507 755 3574 milites
777 3512 810 3573 et
832 3508 961 3571 turbam
983 3510 1186 3585 vocaverunt,

403 3608 449 3674 Ut
471 3612 512 3675 ab
533 3612 585 3677 his
608 3613 809 3710 illudereturt
828 3613 933 3698 ipsum
955 3613 1121 3677 induentes

401 3712 555 3781 Tunicam
577 3741 780 3803 purpuream,
804 3741 898 3803 super
920 3719 1003 3783 hano
1026 3721 1178 3802 ponentes

401 3820 575 3887 Clamidem
596 3824 774 3889 contineam
797 3846 854 3908 pro
877 3824 1043 3903 derisione,

209 3950 214 3959 ·
324 3941 375 3980 4666
403 3924 483 3990 Erat
505 3928 590 3992 enim
614 3932 687 3993 ante
709 3930 814 3994 nudus
837 3929 871 3993 in
894 3929 1120 4014 flagellatione.

400 4030 444 4095 Et
466 4052 616 4097 coronam
639 4039 833 4118 paraverunt
856 4036 894 4100 de
915 4034 1015 4118 spinis
1037 4034 1121 4098 hanc
1144 4032 1326 4116 plectentes,

386 4136 504 4213 ‚Quam
526 4138 746 4223 imposuerunt
769 4141 830 4205 sibi
854 4143 950 4224 caput
972 4140 1236 4224 constringentes.

267 4266 269 4268 ·
401 4240 451 4305 Ex
473 4242 602 4307 illarum
625 4247 790 4329 spinarum
813 4244 928 4309 aculeis
952 4244 1053 4310 acutis

401 4343 529 4431 Ubique
551 4350 600 4413 sui
622 4350 736 4434 eapitis
759 4349 946 4415 vulneretur
968 4351 1060 4431 cutis,

322 4470 375 4512 suco
402 4451 447 4518 Et
469 4453 503 4518 in
525 4476 598 4521 suas
621 4457 727 4522 dulces
750 4478 864 4521 manus
886 4454 1074 4521 arundinem
1098 4454 1262 4540 dederunt,
