3000 5125
767 379 831 446 266

383 558 428 623 Et
450 556 490 623 ab
513 558 600 624 omni
622 556 733 623 fomite
754 556 874 643 peccati
895 559 928 621 te
950 554 1111 621 mundavi

383 665 456 750 Ego
477 653 602 749 quoqhe
623 686 718 749 super
739 668 772 730 te
794 661 984 730 descendens
1006 660 1198 730 obumbruvi

384 771 429 842 Et
450 773 484 838 in
507 776 539 838 te
561 772 664 837 locum
686 771 754 838 filio
776 770 827 835 dei
847 767 1023 854 preparavi.

384 876 495 942 Fidem
518 876 734 962 evangelicam
755 876 790 940 in
813 879 846 941 te
867 873 1052 940 conservavi
1116 963 1118 966 Ι

307 1000 359 1038 ⁷⁹⁶⁶
385 981 430 1046 Et
451 1004 521 1047 cem
543 1003 581 1047 ex
604 1002 658 1048 cre
679 986 735 1047 tuo
758 980 877 1050 mundo
899 978 1074 1065 propalavi.

388 1086 450 1152 Per
472 1091 544 1152 tuns
566 1086 758 1171 multiplices
780 1086 916 1154 virtutes
930 1083 1092 1163 meruisti,

386 1191 477 1269 Quod
497 1216 549 1259 me
570 1193 745 1278 benignum
767 1214 845 1277 erge
865 1195 898 1258 te
920 1213 1043 1275 semper
1065 1188 1216 1256 habuisti

386 1297 507 1363 Idcirco
527 1302 648 1383 septem
670 1298 760 1363 donis
784 1297 863 1362 meis'
884 1317 943 1382 ego
966 1299 998 1361 te
1021 1293 1148 1380 replevi,

387 1402 432 1468 Et
453 1405 487 1468 in
509 1406 565 1468 tuo
587 1403 703 1487 spiritu
725 1421 848 1487 semper
870 1400 1019 1486 requievi.

310 1528 362 1565 που
388 1509 478 1594 Ergo
499 1531 584 1574 nunc
605 1507 771 1594 ingredere
792 1505 1019 1595 nobiscumque
1041 1506 1139 1570 letare

388 1613 433 1678 Et
454 1614 488 1678 in
511 1614 656 1679 trinitate
678 1613 772 1678 deum
794 1635 893 1677 unum
915 1610 1158 1695 contemplere<

391 1717 443 1783 Sic
464 1741 526 1803 que
548 1723 618 1785 tote
639 1720 768 1786 trinitus
791 1717 964 1803 suscipiens
985 1715 1122 1782 Marium

388 1820 571 1887 Introduxit
592 1827 625 1889 et
646 1824 764 1888 locavit
784 1844 880 1907 super
901 1820 1112 1888 hierarchiam

388 1926 586 2012 Angelicem,
610 1932 642 1993 et
664 1951 759 2012 super
781 1950 890 1994 omnes
911 1928 1024 1994 choros
1047 1907 1243 2012 angelorum,

313 2051 364 2088 uu
390 2031 436 2097 Et
457 2055 551 2116 snper
572 2054 680 2106 omues
703 2032 829 2100 ordines
850 2030 1013 2099 celestium
1035 2034 1228 2111 sanctorum,

391 2137 442 2201 lbi
465 2139 550 2222 qnod
571 2161 643 2203 cum
664 2138 732 2203 filio
754 2159 812 2204 sno
835 2138 903 2208 sine
924 2137 988 2202 fine

392 2240 535 2307 Gaudeat
555 2242 590 2307 in
612 2244 732 2309 visione
755 2243 857 2329 glorie
879 2242 993 2322 divine,

390 2347 435 2413 Et
457 2353 494 2412 ut
515 2350 634 2413 nostris
656 2370 714 2433 prc
736 2348 873 2432 peccetis
895 2348 1060 2414 dominum
1081 2350 1199 2426 exoret,

394 2452 455 2518 Pro
478 2457 636 2539 genteque
657 2454 814 2520 catholice
836 2453 939 2520 filiurn
962 2452 1111 2537 imploret

315 2577 366 2614 ⁷⁹⁷0
394 2556 504 2624 Jesum
527 2558 690 2626 Christum
712 2559 886 2641 dominum,
909 2558 965 2645 qui
988 2556 1240 2626 estbenedictus

393 2663 508 2731 Omnis
530 2687 587 2749 per
608 2665 713 2732 secula
735 2687 922 2752 permanens
944 2665 1093 2731 invictus.

360 2985 431 3059 Hic
458 2987 593 3059 auctor
619 2985 713 3058 fecit
738 2983 1015 3060 conclusionem
1042 2983 1102 3056 sui
1129 2980 1263 3077 operis.

396 3193 467 3274 Hic,
491 3193 583 3278 virgo
604 3192 798 3271 beatissime,
821 3211 950 3257 carmen
971 3210 1077 3255 meum
1100 3187 1222 3267 claudo,

396 3297 477 3375 Quis
498 3298 602 3384 magis
624 3302 657 3364 te
678 3297 811 3364 tccendo
834 3318 931 3380 quem
952 3294 1092 3363 canendo
1114 3292 1219 3359 leudo.

397 3403 517 3469 Temen
539 3405 572 3469 in
595 3405 656 3469 hoc
676 3425 773 3488 opere
794 3408 831 3469 tu
853 3401 1053 3467 devotionem

318 3528 370 3565 ⁷⁹⁷⁶
400 3510 570 3596 suscipies,
592 3532 657 3576 non
678 3508 828 3578 carminis
850 3505 1115 3592 compilationem.

399 3616 542 3701 Mihique
564 3617 742 3681 miserrimo
764 3616 829 3679 iem
851 3635 931 3698 pene
953 3613 1118 3697 desperato

398 3721 636 3807 Multorumque
657 3721 810 3786 scelerum
832 3716 968 3802 peccetis
991 3715 1130 3782 sauciato

399 3828 461 3893 Per
481 3826 729 3899 misericordiam
750 3830 840 3899 tuem
863 3827 895 3891 et
917 3823 1069 3891 virtutum

400 3933 539 4019 Spiritus
561 3938 594 3999 et
617 3934 721 3999 snime
742 3932 848 3997 tribue
869 3930 1022 3995 salutem!

322 4062 375 4100 rese
401 4043 446 4107 Et
467 4042 578 4108 Jesum
600 4045 693 4107 tuum
714 4038 818 4103 filium
840 4034 1058 4103 dulcissimum
1080 4030 1213 4116 dignere

402 4147 465 4213 Pro
487 4168 537 4213 me
559 4151 662 4215 meter
683 4146 788 4232 gretie
809 4144 979 4209 clementer
1001 4159 1141 4217 exorere,

400 4253 448 4320 Ut
470 4274 526 4338 per
548 4274 639 4316 suem
661 4274 680 4316 n
702 4254 734 4316 te
756 4249 876 4316 fectum
897 4245 1149 4315 incarnationem

402 4358 509 4442 Atque
531 4380 587 4442 per
610 4356 841 4421 sanctissimum
864 4374 954 4421 suem
977 4349 1155 4435 passionem

401 4464 485 4531 Mihi
507 4463 715 4552 penitentiam
736 4482 880 4528 meorum
903 4460 1106 4546 pcccatorum
