3000 5125
779 402 821 470 30

223 685 277 758 De
306 687 549 781 dispositione
565 689 728 781 corporis
752 689 1009 763 sancteMarie
1037 695 1076 763 et
1103 693 1199 764 mira
1212 695 1382 787 pulchri-

241 813 244 818 ’
647 811 796 884 tudine
824 813 913 885 eius,

314 1020 353 1057 666
379 999 468 1076 Sicut
489 1002 572 1066 hanc
594 1004 768 1067 virtutibus
791 1004 867 1069 deus
889 1007 1065 1085 exornavit,

275 1185 281 1197 Ι
377 1107 422 1170 Ε6
443 1108 531 1171 velut
555 1131 624 1172 eam
645 1109 789 1173 moribus
812 1110 1012 1193 omnipotens
1036 1114 1153 1193 beavit,

377 1211 428 1276 Sic
451 1212 555 1297 ipsam
578 1214 815 1297 pulchritudine
837 1220 952 1280 natura
976 1217 1145 1297 decoravit,

379 1316 423 1380 Et
445 1338 558 1402 corpus
581 1319 648 1382 eius
670 1320 773 1403 specie
795 1342 913 1405 magna
934 1316 1125 1388 venustavit.

377 1421 500 1486 Decora
523 1423 586 1487 fuit
607 1446 747 1509 corpore,
771 1425 852 1491 facie
873 1427 1023 1508 formosa,
1043 1410 1045 1414 ι

315 1547 353 1583 666
381 1527 526 1593 Mirande
548 1530 796 1613 pulchritudinis
818 1537 851 1596 et
872 1534 963 1599 valde
985 1535 1142 1619 speciosa:

375 1632 497 1698 Decens
519 1635 569 1698 sui
591 1635 731 1720 corporis
754 1636 859 1701 fuerat
880 1643 1005 1702 statura

375 1736 443 1802 Nec
465 1739 564 1824 longa
585 1726 691 1820 nimis,
715 1764 772 1806 nec
797 1743 909 1822 brevis,
932 1745 986 1808 sed
1010 1767 1080 1814 eam
1102 1750 1219 1809 natura

379 1842 527 1909 Condidit
550 1846 583 1908 in
607 1847 759 1911 mediocri
779 1848 963 1933 decentique
985 1854 1083 1928 statu,

318 1988 320 1994 ι
376 1947 456 2011 Cum
479 1951 695 2025 membrorum
718 1953 861 2016 omniurn
883 1956 1023 2037 corporis
1046 1959 1169 2018 ornatu.

301 2069 351 2106 ars
379 2051 489 2117 Carnis
512 2056 671 2119 succutis
694 2061 763 2120 6666
785 2057 902 2121 66161661
925 2059 1049 2140 coloris

380 2158 465 2222 Alba
488 2181 559 2223 curn
582 2160 734 2226 rubedine
758 2161 894 2246 mirique
916 2162 1045 2227 decoris.
1096 2183 1098 2187 ·

374 2263 453 2328 Eius
475 2270 567 2329 erant
590 2265 674 2329 oculi
695 2265 832 2330 multum
855 2268 1071 2348 condecentes,

351 2423 356 2430 .
374 2351 503 2433 Pulchri
526 2361 620 2434 nimis
643 2374 675 2434 66
697 2371 801 2435 decori
825 2373 970 2457 clareque
992 2373 1142 2452 lucentes,

377 2474 516 2558 Aspectu
540 2475 750 2554 delectabiles
775 2475 881 2540 dulces
904 2482 936 2541 et
958 2478 1095 2557 iocundi,

310 2598 348 2634 666
375 2578 450 2643 Non
473 2582 687 2664 prominentes
710 2582 854 2661 nimium,
879 2606 936 2648 neo
960 2577 1040 2668 lippi
1062 2606 1120 2648 nec
1141 2584 1302 2669 profundi.

374 2684 470 2749 Visus
495 2687 561 2750 eius
583 2687 671 2750 mitis
694 2692 773 2765 6666,
795 2688 953 2773 benignus
977 2693 1009 2753 et
1032 2691 1201 2769 modestus,

374 2789 570 2868 Mansuetus
594 2791 675 2873 pius,
699 2790 841 2871 humilis,
865 2792 996 2875 pudicus
1019 2798 1051 2857 66
1073 2794 1242 2871 honestus3

373 2894 448 2959 Non
471 2917 584 2980 vagus,
607 2918 708 2980 neque
732 2897 887 2983 petulans,
910 2920 974 2961 non
998 2899 1196 2977 ambitiosus

372 3000 445 3064 Non
470 3006 591 3081 torvus,
615 3023 717 3086 neque
738 3002 885 3081 (11660166,
909 3025 967 3067 nec
989 3004 1178 3069 malitiosus.

307 3125 345 3163 aaa
373 3105 516 3170 Circulus
539 3108 573 3170 in
597 3108 695 3171 oculis
718 3108 782 3172 fuit
803 3106 977 3194 1661666161
1200 3107 1203 3112 ’

373 3210 505 3289 doloris,
529 3212 606 3274 satis
629 3211 725 3276 lucidi
748 3212 815 3276 sive
837 3210 1029 3297 Saphyrini;

372 3316 477 3401 Nigra
499 3317 551 3381 sed
575 3317 737 3400 perlucida
760 3319 884 3402 fuitque
907 3319 1030 3402 pupilla

373 3423 480 3506 Atque
502 3422 592 3486 nulla
614 3424 738 3508 macula
759 3424 884 3488 fuscata
905 3423 969 3487 fuit
990 3424 1067 3497 illa3

373 3527 494 3592 Coloris
516 3550 641 3613 quoque
663 3529 756 3593 lactei
778 3529 843 3592 fuit
864 3534 896 3594 et
918 3529 1077 3605 albumen,

309 3653 347 3689 666
374 3631 569 3697 Concludens
592 3655 713 3697 necnon
736 3634 879 3698 ambiens
903 3634 1066 3698 oculorum
1089 3634 1196 3698 lumen
1209 3626 1223 3708 ς]

372 3738 544 3802 Oculorum
567 3739 719 3823 palpebre
742 3739 874 3803 fuerunt
896 3740 976 3803 bene
999 3739 1106 3823 plana*
1184 3784 1187 3789 -

370 3842 519 3926 Carentes
542 3844 628 3908 omni
651 3847 744 3922 66616,
767 3845 821 3909 sed
844 3867 967 3928 semper
990 3849 1081 3909 erant
1104 3867 1188 3909 sane.

369 3947 432 4012 Pili
455 3950 679 4032 palpebrarum
702 3954 794 4014 erant
817 3950 976 4015 modicum
999 3950 1099 4030 66661,

368 4054 437 4119 Neo
458 4056 524 4119 rari
545 4078 602 4120 nec
626 4055 714 4118 densi
736 4056 831 4123 nimis
854 4078 911 4120 nec
932 4056 1023 4141 longi
1045 4078 1102 4120 neo
1125 4054 1265 4120 convexi.
1345 4085 1348 4091 ¹

304 4178 342 4215 666
371 4160 449 4225 Ε166
473 4161 640 4246 supercilia
661 4161 793 4225 fuerunt
815 4161 947 4240 elevata,

271 4309 274 4314 -
370 4265 455 4330 Bene
478 4290 572 4350 super
594 4267 701 4330 oculos
723 4268 869 4330 decenter
893 4267 1076 4344 incurvata3

369 4370 474 4454 Nigra
496 4395 560 4436 non
584 4373 686 4456 pilosa
708 4372 804 4435 nimis
826 4393 890 4434 non
914 4372 980 4435 1666
1002 4394 1103 4457 neque
1126 4373 1232 4450 densa,

368 4474 436 4547 Nec
457 4468 587 4541 fuerunt
609 4478 743 4541 nimium
766 4478 806 4541 ad
828 4477 962 4541 invicem
985 4483 1150 4564 protensa3
