3000 5125
755 380 797 445 38

356 555 531 621 Audientes
554 555 691 641 virginis
713 556 816 620 Maria
838 554 1040 620 sanctitatem

356 660 464 746 Atque
486 663 756 726 conversationem
779 664 812 726 ct
831 682 957 726 morum
980 660 1189 740 honestatem,

317 769 319 776 “
357 765 466 851 Atque
487 789 578 831 suam
600 767 800 850 disciplinam
824 771 856 832 et
879 766 993 830 miram
1016 766 1216 847 castitatem,

356 871 401 936 Et
423 871 525 936 forme
547 872 819 956 pulchritudinem
841 874 873 936 et
894 871 1002 935 vultus
1026 875 1236 952 venustatem,

222 1039 225 1042 ,
293 994 333 1032 ⁹⁸⁶
360 973 477 1040 Omnes
499 976 705 1061 singulariter
726 978 810 1041 hanc
831 977 1074 1054 venerabantur,

357 1080 465 1167 Ipsam
487 1083 617 1168 dignam
640 1083 789 1147 laudibus
812 1104 879 1147 esse
901 1082 1113 1161 testabantur,

358 1188 403 1253 Et
424 1188 552 1272 plenam
574 1192 684 1253 sancto
707 1190 824 1273 spiritu
847 1189 916 1253 fore
938 1188 1133 1267 fatebantur,

358 1294 402 1359 Et
424 1293 462 1359 de
484 1317 542 1359 sua
563 1300 673 1359 sancta
693 1297 762 1360 vita
784 1296 890 1360 cuncti
912 1293 1131 1371 mirabantur;

357 1398 465 1483 Ipsam
487 1422 595 1465 omnes
617 1401 794 1466 sacerdotes
817 1402 850 1465 in
874 1400 1078 1465 veneratione

294 1523 333 1562 ⁹40
360 1503 542 1584 Habebunt,
565 1508 597 1569 et
618 1506 784 1590 pontifices
806 1506 841 1569 in
865 1503 1077 1582 dilectatione,

361 1607 538 1695 Populique
559 1610 718 1694 principes
741 1609 776 1673 in
797 1608 1078 1686 commendatione,

362 1713 495 1778 Nobiles
517 1715 675 1800 ignobiles
698 1716 732 1778 in
755 1715 985 1779 ammiratione.

363 1818 470 1903 Ipsam
492 1818 601 1885 Scribe
623 1820 802 1886 dilexerunt
824 1824 920 1904 atque
942 1818 1096 1898 Pharisei,

364 1923 408 1988 Et
429 1924 550 1990 honore
572 1930 784 2010 prevenerunt
806 1947 875 1991 eam
898 1924 1046 2003 Seducei3

299 2049 337 2085 ⁹4⁶
363 2027 495 2094 Necnon
517 2031 620 2115 ipsam
642 2032 825 2097 extulerunt
847 2031 993 2095 laudibus
1016 2030 1117 2108 Essei,

363 2132 407 2198 Er
429 2138 541 2199 cuncte
563 2140 645 2201 secte
667 2135 842 2200 Judeorum
864 2135 1038 2202 cantabant
1060 2135 1168 2199 laudes
1191 2134 1229 2199 ei.

364 2233 657 2325 Ipsamflvirtusque
679 2261 773 2305 serus
796 2241 901 2305 cuncti
923 2240 1087 2325 coniugati

364 2343 586 2427 Honorabant,
609 2346 844 2425 collaudabant,
858 2348 963 2433 'atque
985 2345 1123 2419 viduati;

363 2448 513 2535 Virgines
536 2455 567 2515 et
590 2451 683 2515 vidue
702 2471 762 2515 sue
784 2450 925 2514 castitati

299 2572 338 2611 ⁹⁶⁰
363 2554 486 2622 Laudes
509 2556 630 2622 dabant
652 2562 684 2623 et
706 2549 807 2642 ipsius
831 2557 910 2623 mire
932 2557 1101 2624 venustati.

363 2661 446 2726 Eam
467 2663 659 2749 generaliter
682 2682 791 2729 omnes
813 2665 1025 2744 honorabant,

364 2765 488 2833 Divites
510 2773 543 2833 ct
564 2791 718 2855 pauperes
740 2770 877 2834 Mariam
900 2768 1135 2835 collaudabant.

210 3064 264 3138 De
279 3063 459 3137 mandato
487 3065 587 3158 quod
614 3064 777 3158 virgines
805 3067 910 3137 etate
936 3065 1013 3136 iam
1040 3066 1188 3137 nubiles
1215 3028 1359 3158 nuptiis

653 3188 906 3259 traderentur.
1017 3222 1019 3225 ·

366 3396 445 3461 (lum
469 3417 588 3459 annum
610 3397 919 3481 quartumdecimum
940 3397 1044 3461 Maria
1066 3397 1130 3461 iam
1153 3395 1341 3480 complesset

367 3501 411 3566 Et
433 3501 523 3566 circa'
539 3501 843 3586 quintumdecimum
867 3505 962 3568 etatis
985 3525 1105 3567 annum
1127 3506 1219 3581 esset,

302 3625 340 3662 ⁹⁶⁶
367 3606 571 3672 Sacerdotem
593 3607 750 3693 principes
774 3609 957 3672 mandatum
981 3608 1128 3693 generale

368 3711 533 3778 Dedcrunt
555 3714 593 3777 de
615 3714 805 3798 virginibus,
828 3718 861 3778 et
882 3714 962 3777 illud
985 3718 1054 3778 erat
1075 3713 1150 3792 tale,

369 3816 459 3894 Quod
482 3819 622 3905 virgines
645 3820 709 3883 iam
732 3818 857 3883 nubiles
879 3841 967 3883 more
988 3817 1150 3903 coniugali

370 3922 584 3989 Traderentur
606 3925 727 4009 nuptiis
750 3947 787 3989 ac
809 3925 903 3988 thoro
926 3923 1085 4000 maritali;

368 4026 428 4093 Sed
451 4029 628 4094 sacerdotes
650 4030 720 4094 ideo
743 4030 898 4094 dederunt
918 4030 979 4094 hoo
1002 4029 1156 4094 edictum:

303 4153 342 4189 aaa
369 4130 454 4197 Nam
476 4138 588 4199 contra
609 4136 712 4220 legem
733 4136 838 4220 Moysi
860 4136 1018 4219 putabant
1040 4135 1101 4200 hoc
1123 4134 1274 4199 delictum

369 4238 457 4319 Esse,
480 4241 506 4304 si
530 4263 593 4326 qua
615 4240 777 4325 virginum
799 4241 982 4325 persisteret
1005 4241 1151 4324 innupta,
1207 4250 1212 4258 “

780 4385 797 4425 a

285 4464 338 4521 953
355 4463 380 4519 G
398 4464 549 4535 implesset.
