3000 5125
799 398 862 462 164

347 632 349 638 ,
409 571 447 637 In
468 573 624 659 piscinam
645 571 740 658 Syloe
762 594 821 657 pro
843 576 1002 658 ponteque
1024 572 1175 657 proiectu.

409 678 477 744 Hee
499 678 590 764 ligna
611 679 703 763 quasi
724 678 803 743 vilia
825 681 1027 762 sumpserunt
1049 677 1274 759 eombiuuntes

409 783 487 850 Jesu
509 784 559 849 dei
581 784 649 849 filio
671 806 795 849 oruoem
817 787 1032 868 preparantes.

333 908 385 946 0000
411 889 505 955 Illam
527 912 651 955 erucem
674 893 847 975 coegerunt
868 890 974 974 ipsum
996 887 1139 954 baiulare

400 994 455 1061 Et
477 995 517 1060 ed
538 996 644 1061 looum
666 995 821 1080 passionis
844 998 1025 1079 portantem
1047 993 1221 1059 ambulare.

412 1100 610 1189 Sequebatur
631 1098 804 1164 multitudo
826 1119 945 1183 magna
967 1096 1153 1179 Judeorum,

410 1205 455 1269 Et
476 1205 616 1269 militum
638 1202 808 1289 gentilium
830 1206 863 1267 et
883 1201 1114 1286 phariseorum.

416 1309 549 1386 Quidam
574 1308 681 1374 sordes
704 1308 742 1373 de
764 1307 879 1393 plateis
901 1308 936 1372 in
958 1331 1029 1373 eum
1052 1310 1263 1393 proiecerunt,

337 1433 388 1471 ⁴⁸⁰⁶
414 1416 533 1481 Lutum
556 1407 657 1499 atque
675 1415 805 1499 lapides,
827 1414 913 1478 hune
935 1413 1064 1498 quidum
1086 1420 1320 1500 percusserunt,

414 1520 550 1597 Quidam
573 1524 659 1584 retro
681 1523 887 1605 pupugerunt
909 1519 949 1584 ad
971 1524 1098 1605 tergum
1121 1522 1333 1602 stimulantes,

413 1623 460 1690 Ut
481 1628 628 1710 pergeret
644 1625 787 1689 *velocius
809 1625 913 1708 ipsum
935 1624 1141 1711 instigantes3

413 1727 548 1805 Quidam
570 1730 770 1814 improperiis
792 1730 899 1815 ipsum
919 1730 1186 1814 blasphemabant

412 1834 457 1900 Et
478 1834 646 1899 stridentes
669 1835 703 1898 in
726 1857 799 1899 eum
821 1835 950 1919 quidam
971 1835 1220 1902 subsannabunt.

285 2153 390 2239 Quod
416 2156 527 2228 Jesus
555 2155 691 2229 defecit
717 2158 756 2227 in
786 2156 847 2229 via
873 2156 1037 2252 pondere
1065 2158 1184 2230 crucis
1211 2179 1377 2252 pressus.

336 2385 388 2423 4⁸10
415 2365 477 2432 Sed
499 2366 605 2431 definit
626 2365 690 2430 cito
712 2365 805 2431 Jesus
828 2367 862 2430 in
884 2366 937 2432 viu
958 2366 1061 2433 fautus
1084 2365 1197 2447 fessus,

414 2472 499 2538 Num
523 2495 561 2538 ex
583 2472 682 2557 lignis
704 2471 857 2556 gravibus
879 2473 980 2537 oruois
1002 2471 1068 2537 fuit
1090 2494 1227 2557 pressus.

415 2578 480 2644 Sub
503 2601 597 2644 onere
618 2579 797 2663 proeubuit‚
820 2579 905 2663 quod
927 2578 1077 2664 portabat
1098 2579 1216 2657 lassus3

413 2684 585 2750 Procedere
606 2707 670 2749 non
693 2685 796 2750 valuit
817 2684 974 2749 defectum
995 2685 1041 2749 ibi
1064 2707 1185 2769 passus.

419 2788 508 2881 Tune
529 2812 601 2854 oum
623 2812 748 2856 crucem
771 2791 906 2875 amplius
929 2791 1012 2856 ferre
1034 2813 1098 2857 non
1121 2790 1251 2870 valeret,

338 2912 391 2950 0000
418 2893 597 2979 Goegerunt
619 2893 782 2960 Simonem
804 2896 973 2981 quendum,
996 2900 1033 2960 ut
1056 2896 1217 2980 suppleret

415 2999 460 3063 Et
482 2998 522 3062 ud
544 2998 649 3063 looum
669 3001 826 3085 passionis
849 3023 971 3066 erucem
994 3001 1161 3080 baiularet

315 3134 317 3136 ·
415 3103 571 3190 cogentes
594 3103 705 3171 Jesum
726 3110 772 3185 ut,
796 3107 891 3172 siouti
912 3111 1029 3191 posset,
1052 3106 1240 3172 ambularet

261 3369 381 3505 Quod*
394 3421 614 3494 nuntiatum
642 3425 699 3496 est
726 3421 842 3496 Morio
874 3423 995 3498 filium
1022 3448 1132 3498 suum
1160 3424 1409 3520 captivatum.

418 3629 507 3695 Tune
529 3632 634 3697 Maria
656 3631 734 3699 Jesu
755 3638 859 3699 muter
879 3635 914 3699 in
937 3635 1042 3701 vicina
1065 3634 1150 3717 villa,

416 3736 574 3803 Bethania
596 3762 658 3824 que
680 3740 806 3820 dieitur,
829 3744 921 3806 nocte
943 3741 1006 3806 fuit
1027 3742 1093 3822 illa,

198 3895 201 3899 ,
338 3857 390 3895 0000
416 3839 454 3904 In
477 3842 570 3908 domo
593 3843 720 3909 Marthe
743 3867 842 3929 quum
864 3843 958 3910 Jesus
979 3846 1065 3911 filius
1088 3847 1230 3927 dilectus,

415 3944 494 4011 Eius
517 3948 701 4034 unigenitus
724 3954 757 4014 et
778 3950 890 4015 unicus
914 3952 1040 4032 electus,
1139 3987 1141 3991 >

416 4048 493 4115 Fuit
514 4053 548 4116 in
571 4052 749 4120 Jerusalem
772 4061 883 4141 ceptus
906 4079 925 4121 a
947 4056 1069 4138 Judeis,

417 4155 562 4238 Vinctus,
585 4181 674 4224 cesus
696 4166 728 4225 et
750 4162 894 4246 captivus
918 4163 1071 4228 abductus
1094 4167 1142 4249 est
1164 4163 1204 4227 ab
1227 4165 1281 4228 eis.

417 4260 512 4327 Mune
534 4265 644 4329 statim
667 4266 696 4330 ei
717 4266 780 4330 fuit
801 4289 858 4351 per
880 4269 1030 4332 nuntium
1054 4267 1247 4348 mandatum,

338 4382 390 4419 ⁴⁸2⁶
417 4365 516 4432 Suum
538 4370 740 4456 unigenitum
762 4370 830 4437 fore
852 4372 1058 4457 captivatum.

416 4470 485 4551 Quo
507 4475 621 4559 spiritu
644 4478 837 4542 contremuit
860 4478 970 4542 statim
993 4482 1030 4542 ut
1052 4478 1194 4565 percepit
1330 4512 1335 4525 ⁴
