3000 5125
666 381 707 447 27

207 575 245 613 scs
271 556 371 622 Juxta
392 556 546 640 templum
569 555 745 626 Salomonis
770 557 861 641 qnasi
883 558 942 620 sub
963 558 1133 633 consentu,

271 661 412 730 Numero
434 662 597 727 duodecim
622 663 679 728 tali
702 663 762 728 sub
787 662 930 739 obtentu,

271 767 318 835 Ut
340 769 481 834 viventes
504 767 551 831 ibi
571 771 657 832 caste
679 768 808 833 domino
831 768 996 845 servirent,

272 872 439 956 Templum
459 875 493 940 et
515 876 664 938 ornatum
686 873 754 936 eius
776 871 883 955 ibique
904 872 1110 939 custodirent.

272 979 322 1043 Ex
344 971 427 1043 nova
448 978 675 1044 consuetudine
696 976 792 1043 Judei
815 977 949 1043 dilatare

209 1105 247 1141 511
274 1083 403 1149 Cultum
426 1084 476 1148 dei
498 1084 669 1167 cupientes,
693 1083 829 1148 artifices
852 1106 965 1167 parare

274 1189 436 1256 Iusserant
457 1190 491 1254 in
514 1191 606 1268 atrio,
629 1190 719 1256 iuxta
741 1173 920 1254 Salomonis

234 1297 238 1306 '
274 1295 450 1379 Templum,
473 1295 692 1360 habitaculum
714 1296 879 1361 cuiusdam
900 1295 1075 1361 mansionis

276 1400 325 1465 lbi
347 1401 579 1466 collocaverant
599 1405 703 1467 castas
726 1406 759 1467 et
781 1403 911 1467 devotas

272 1506 439 1591 Virgines,
458 1509 616 1580 consortio
639 1509 781 1574 virorum
802 1509 944 1573 nondum
965 1512 1066 1574 notas.

210 1631 248 1669 ⁶⁷⁶
275 1613 373 1678 Filias
396 1613 582 1696 pontificum
604 1617 701 1698 atque
722 1618 958 1698 magnatorum,

276 1716 343 1793 Que
365 1717 493 1783 fuerant
515 1742 553 1784 ex
573 1720 694 1785 semine
716 1720 873 1784 nobilium
896 1720 1048 1798 virorum,
1099 1721 1102 1726 “

275 1823 342 1899 Que
363 1828 526 1892 manentes
548 1825 594 1890 ibi
615 1824 727 1909 templi
749 1826 926 1892 custodiam
948 1828 1110 1888 servarent

274 1928 319 1993 nt
337 1929 417 1994 illud
439 1953 458 1994 a
481 1931 640 2014 spurlioiis
664 1932 767 2015 scopis
789 1933 1006 2009 emundarent,

274 2032 383 2117 Atque
403 2033 554 2100 libatoria
578 2057 653 2100 rasa
676 2039 883 2114 reservarent,

211 2158 249 2195 551
276 2138 398 2224 Illoque
419 2141 614 2225 temporibus
638 2142 703 2206 suis
726 2146 949 2226 expurgarent,

275 2245 381 2329 Atque
404 2247 488 2329 quod
510 2247 676 2311 abluerent
697 2268 787 2311 sacra
810 2246 1008 2325 vestimenta,

274 2349 386 2435 Ibique
408 2356 595 2418 consuerent
617 2351 727 2416 altaris
750 2355 946 2429 ornamenta,

225 2496 228 2502 ·
275 2457 381 2540 Atque
403 2457 485 2541 qnod
511 2457 697 2522 altariorum
720 2457 821 2540 pallas
844 2463 1059 2541 prepararent,

274 2562 397 2648 Illaque
420 2564 530 2629 diebus
552 2564 618 2629 suis
641 2565 788 2629 decenter
810 2567 1009 2628 exornarent.

214 2688 252 2726 ces
281 2667 338 2733 llle
360 2689 485 2753 quoque
507 2668 646 2753 virgines
668 2669 715 2733 ibi
737 2672 907 2732 texuerunt

275 2773 402 2838 Bissnm
425 2777 521 2857 alque
543 2796 718 2858 purpuram
741 2777 835 2858 atque
858 2777 1052 2839 consuerunt

275 2877 365 2958 Vela,
389 2879 490 2962 pallas
509 2882 546 2943 et
567 2879 714 2958 cortinas,
737 2883 851 2944 cuncta
873 2881 1050 2945 retexentes

276 2985 325 3048 Ex
349 3006 426 3048 auro
449 2985 499 3049 vel
521 2985 560 3049 de
581 2984 680 3050 serico
703 2984 835 3068 pulchre
857 2983 1030 3057 facientoe3

276 3088 357 3173 lpsis
379 3091 555 3155 necessaria
575 3089 752 3155 sacerdotes
774 3090 905 3167 dabant,

211 3212 250 3250 ⁶⁹⁰
278 3178 385 3279 Atque
405 3196 524 3263 uictum
547 3200 579 3260 et
603 3195 754 3260 vestitum
776 3195 924 3260 habunde
945 3194 1180 3258 ministrabant.

276 3299 440 3365 Manentes
463 3301 517 3365 ille
539 3302 679 3386 virgines
703 3301 750 3367 ibi
773 3300 981 3384 perstiterunt

275 3405 313 3470 In
336 3406 384 3470 dei
408 3428 530 3489 semper
552 3407 709 3484 laudibus,
735 3411 831 3491 atque
854 3409 1046 3470 vacaverunt

276 3510 421 3589 Psalmis,
445 3510 583 3595 hymnis,
605 3510 746 3601 canticis,
769 3512 803 3573 in
826 3510 978 3587 oratione,

275 3614 461 3694 Iubilantes,
485 3616 734 3700 contemplantes
758 3636 831 3681 oum
852 3616 1029 3679 devotione.

113 3726 117 3735 ’
211 3740 250 3776 511
277 3720 308 3785 A
329 3743 482 3785 manuum
503 3721 667 3785 laboribus
688 3721 743 3785 ille
766 3742 838 3785 oum
861 3720 1017 3784 vacabant

145 3861 148 3867 ·
276 3825 362 3891 Voce
384 3825 487 3890 cordis
504 3829 543 3897 ‚et
564 3848 618 3891 ore
641 3826 733 3891 deum
756 3825 989 3890 collaudabant.

276 3928 328 3996 Sic
350 3931 384 3994 in
406 3930 457 3995 dei
478 3931 626 3995 laudibus
648 3931 768 4016 iugiter
790 3934 975 3995 manserunt

276 4036 385 4122 Usque
407 4042 532 4120 tempus
555 4037 683 4112 nubile;
709 4041 786 4100 tunc
809 4059 870 4121 que
892 4036 1062 4100 voluerunt

277 4140 405 4206 Nubere
427 4165 483 4226 per
506 4144 681 4208 sacerdotes
701 4143 781 4207 viris
803 4143 1029 4218 tradebantur;
1134 4138 1138 4147 ’

107 4274 110 4281 ’
213 4267 249 4302 eoo
276 4245 358 4331 Ipsis
380 4248 568 4331 sponsalitia
587 4249 628 4315 de
651 4248 770 4331 templo
794 4247 1006 4327 donabantur,

685 4370 704 4410 1

193 4473 241 4526 579
260 4472 284 4528 G
302 4477 507 4531 conservarent.
576 4473 858 4547 11111113111111
877 4472 910 4528 G.
