3000 5125
665 321 668 330 ⁸
785 374 849 440 aaa

402 547 614 614 Occurrerunt
635 550 731 616 etiem
754 554 840 616 cetus
863 507 1100 637 propinetaium,

324 672 376 710 aas
403 653 538 719 Mariam
558 658 596 719 ut
617 656 812 742 susciperent
833 660 865 722 et
887 657 1149 742 patriarcharum.

402 757 454 823 Sic
475 760 516 823 ab
538 760 693 826 universis
714 762 832 825 sanctis
855 760 1026 845 suscipitur
1047 760 1152 826 Maria

402 862 440 928 In
462 864 703 932 iubilationibus
725 863 757 932 'et
778 866 880 932 laudis
903 866 1085 952 hymnodia.

278 1184 380 1269 Quod
409 1185 530 1256 Maria
557 1184 759 1278 suscipitur
784 1208 808 1256 a
833 1184 954 1278 primo
981 1182 1094 1255 choro
1121 1180 1346 1276 angelorum.
1416 1160 1420 1168 ¹

403 1393 583 1458 decendens
606 1414 682 1477 ergo
704 1393 910 1477 pertransivit
931 1392 1034 1457 Maria
1055 1392 1194 1476 primum
1215 1388 1350 1468 chorum,

402 1498 464 1575 Qui
487 1502 616 1563 vocat-us
639 1499 742 1563 estin
765 1498 882 1563 sanctis
904 1497 1070 1582 scripturis
1094 1494 1328 1582 »angelorum«.
1401 1564 1402 1567 ,

328 1622 379 1660 που
406 1602 497 1667 Illius
520 1603 608 1667 chori
630 1604 761 1688 spiritus
784 1625 891 1669 omnes
915 1607 1129 1668 convenerunt

402 1707 450 1772 Ac
471 1709 533 1793 ipsi
555 1709 761 1796 singulariter
781 1707 918 1774 Mariam
939 1712 1162 1793 susceperunt3
1224 1793 1227 1798 Ι

403 1814 524 1879 Laudes
547 1818 641 1899 atque
663 1815 787 1880 cantica
811 1815 872 1880 sibi
896 1815 1106 1880 decantabant

403 1920 448 1984 Et
469 1943 542 1985 cum
563 1920 679 1985 multis·
695 1921 826 1986 vocibus
849 1921 987 1986 dicentes
1010 1919 1219 1985 resonabant:

404 2025 626 2111 »Progredera
649 2027 848 2111 progredere,
871 2027 1010 2092 celorum
1031 2024 1227 2108 imperatrix,

324 2149 377 2210 ,⁷⁶⁰⁵
405 2132 602 2216 Angelorum
625 2135 658 2195 et
678 2126 844 2196 hominum
866 2136 899 2196 et
921 2131 970 2220 dei
992 2130 1170 2195 mediatrix.

402 2234 455 2301 Ad
476 2242 567 2301 tuum
590 2236 791 2322 unigenitum
814 2236 917 2301 filium
939 2235 1079 2315 ascende,

403 2341 455 2405 Ad
477 2342 674 2426 regnandum
696 2347 732 2406 tu
755 2343 924 2427 procedens
947 2341 1081 2407 feliciter
1103 2340 1250 2405 intende!

404 2446 453 2511 Tu
476 2470 508 2511 es
530 2452 641 2512 nostra
662 2447 775 2533 gloria,
799 2452 836 2512 tu
857 2447 976 2512 iubilus
998 2446 1138 2525 honoris,

404 2552 453 2618 'l'u
476 2558 620 2619 nostrum
642 2554 840 2634 desiderium,
863 2557 899 2619 tu
921 2554 1078 2618 canticum
1100 2551 1226 2631 amoris,

326 2677 377 2714 ⁷⁶10
404 2659 454 2724 Tu
476 2661 651 2726 seculorum
674 2661 811 2740 domina,
834 2661 972 2726 celorum
995 2665 1032 2725 tu
1053 2661 1181 2745 regina3

404 2764 465 2830 Per
487 2769 519 2831 te
540 2772 648 2833 noster
671 2770 866 2832 restauratus
889 2770 937 2831 est
958 2767 1066 2849 lapsus
1089 2769 1121 2830 et
1142 2764 1244 2829 ruina.

406 2869 473 2934 Nos
496 2872 535 2935 ad
558 2875 590 2936 te
612 2894 683 2936 curn
706 2862 801 2955 super
823 2875 941 2935 terram
963 2893 982 2934 a
1005 2870 1062 2935 deo
1083 2870 1291 2950 mitteremur,

404 2973 451 3040 Ut
473 2977 507 3040 in
529 2980 639 3041 sancto
660 2977 776 3060 spiritu
797 2980 829 3041 te
851 2976 1093 3041 consolaremur.

404 3079 580 3146 Prudenter
602 3086 635 3147 et
656 3082 821 3147 humiliter
842 3087 878 3147 tu
901 3080 1068 3146 obedivisti

328 3202 378 3239 ⁷⁵1⁵
405 3186 449 3250 Et
470 3187 588 3252 nostris
610 3188 810 3252 suasionibus
832 3187 1053 3271 obtemperans
1075 3185 1175 3250 fuisti.

405 3289 559 3356 Omnibus
582 3291 764 3357 hominibus
786 3297 818 3358 te
840 3291 1041 3357 humiliorem

406 3394 536 3480 Semper
559 3418 617 3460 nos
638 3397 817 3461 invenimus
840 3399 872 3461 et
895 3396 1118 3461 discretiorem.

406 3496 522 3565 Omnes
544 3504 616 3565 tuas
638 3523 709 3567 cum
731 3503 866 3567 virtutes
889 3503 946 3567 deo
968 3500 1167 3580 referremus,

405 3604 558 3671 Attamen
580 3606 791 3672 humillimam
814 3613 846 3671 te
868 3607 936 3671 fore
958 3607 1140 3670 diceremus.

328 3728 378 3764 ⁷⁶2⁰
405 3707 467 3773 Pre
489 3710 634 3776 omnibus
657 3711 840 3790 virtutibus,
863 3711 978 3795 quibus
1001 3710 1184 3789 excellebas,

405 3814 456 3879 Ex
477 3815 658 3882 humilitate
680 3816 747 3881 sola
769 3817 841 3900 plus
863 3817 921 3881 deo
944 3815 1170 3900 complacebas·

405 3917 468 3984 Pro
490 3924 546 3984 tua
568 3944 643 3985 nam
664 3921 847 3987 humilitate
869 3922 946 3986 deus
967 3925 999 3986 te
1022 3921 1119 4007 elegit

406 4025 450 4089 Idt
471 4025 575 4108 ipsum
597 4030 689 4091 tuum
710 4027 813 4091 filium
834 4026 892 4091 hec
914 4025 983 4090 fieri
1006 4026 1119 4112 coegit.

406 4131 494 4216 Ergo
516 4132 743 4217 benignissima
765 4132 954 4218 progredere
975 4128 1112 4198 letanter

813 4276 832 4316 'l‘

320 4374 388 4426 7494
416 4374 471 4430 Vor
489 4375 576 4430 etiam
603 4376 674 4429 setzt
693 4375 773 4429 Mei.
879 4377 947 4431 7524
974 4377 1048 4431 statt
1065 4374 1267 4447 benignissima
1284 4371 1389 4428 liestG
1475 4434 1476 4437 Ἰ

249 4458 420 4515 beatissima.
