3000 5125
729 347 794 415 276

187 522 264 588 Quod
283 524 363 578 lesus
381 525 515 594 apparuit
531 524 620 579 matri
637 535 686 578 sne
703 525 733 577 in
751 523 830 579 obtin
849 529 898 577 sue
916 521 975 576 245.

185 612 262 676 Quod
281 612 359 667 Jesus
377 613 513 668 invitavit
531 617 651 668 matrem
670 627 750 667 snam
768 613 799 666 et
817 609 969 680 assumpsit
986 617 1049 665 eam
1066 610 1096 664 in
1116 607 1206 665 celum
1224 607 1285 665 245.

186 700 264 764 Quod
283 700 403 755 Michael
422 701 629 757 commendavit
647 699 782 769 apostolis
801 715 898 769 corpus
917 697 954 752 Μ.
974 697 1010 752 ad
1029 692 1219 767 sepeliendum
1237 691 1297 753 246.

184 787 262 853 Quod
282 788 401 858 apostoli
422 790 550 843 tulerunt
567 805 666 858 corpus
684 788 720 841 Μ.
739 788 776 842 ad
795 786 988 858 sepeliendum
1006 781 1066 840 246.

184 875 264 941 Quod
282 875 364 930 Judei
383 876 518 932 volebant
536 894 635 946 corpus
653 876 690 929 Μ.
707 874 815 930 deicere
833 875 894 929 247.

185 962 263 1027 Quod
280 963 385 1018 Judeus
406 964 532 1035 portavit
553 965 678 1033 palmam
697 962 734 1016 sd
753 962 900 1017 civitatem
917 961 976 1015 248.

185 1049 262 1116 Quod
282 1051 348 1105 alba
367 1052 455 1106 nubes
475 1051 598 1121 protexit
618 1050 739 1106 Archam
757 1052 787 1105 et
805 1045 947 1120 apostolos
966 1047 1027 1104 248.

185 1138 263 1204 Quod
282 1138 402 1209 apostoli
420 1138 589 1208 sepelierunt
607 1156 706 1209 corpus
725 1137 814 1212 liaris
831 1138 892 1192 246.

186 1225 226 1280 De
244 1225 424 1295 dispositione
443 1226 562 1296 sepulcri
581 1227 640 1280 249.

186 1315 264 1379 Quod
283 1314 404 1384 apostoli
421 1315 598 1371 excubabant
616 1315 689 1370 circa
707 1316 864 1385 sepulcrum
882 1311 919 1368 Μ.
942 1328 966 1365 v.
989 1311 1049 1364 249.

186 1403 265 1469 Quod
283 1402 362 1458 Jesus
380 1402 532 1472 assumpsit
550 1418 648 1472 corpus
667 1403 702 1456 11.
720 1403 750 1456 in
771 1401 861 1457 celum
881 1401 942 1454 249.

186 1490 263 1554 Quod
283 1487 437 1560 assumptis
456 1490 578 1559 corporis
598 1489 633 1544 M.
652 1490 780 1545 revelata
799 1493 841 1545 est
860 1488 965 1543 Thome
984 1486 1111 1557 apostolo
1130 1485 1190 1540 256.

186 1579 227 1631 Dc
244 1577 360 1632 diversis
379 1577 445 1631 celis
463 1578 688 1645 quos-transivit
708 1577 797 1632 Maria
816 1578 876 1631 251.

186 1665 265 1731 Quod
284 1665 374 1718 Maria
392 1665 470 1718 venit
488 1665 524 1718 ad
543 1665 633 1718 celum
651 1675 814 1735 empyreum
832 1665 893 1719 251.

187 1752 266 1818 Quod
287 1752 377 1806 Maria
396 1752 546 1821 suscipitur
565 1768 582 1804 a
599 1752 690 1820 primo
708 1752 792 1808 choro
810 1752 977 1821 angelorum
994 1749 1054 1803 252.

187 1840 279 1895 Maria
297 1838 446 1908 suscipitur
465 1856 482 1892 a
502 1839 621 1894 secunde
638 1840 721 1895 choro
739 1840 800 1895 253.

188 1930 278 1984 Maria
297 1928 446 1997 suscipitur
466 1944 484 1980 a
501 1928 587 1983 tertio
605 1929 687 1983 cnoro
705 1928 764 1981 254.

188 2016 266 2081 Quod
285 2016 375 2069 Maria
394 2014 543 2084 suscipitur
563 2032 580 2069 a
597 2016 699 2084 quarto
717 2015 801 2070 choro
819 2015 878 2069 254.

187 2103 278 2159 Maria
300 2104 453 2173 suscipitur¹
467 2121 484 2157 a
500 2103 601 2171 quinto
619 2103 701 2158 choro
722 2105 782 2158 255.

187 2192 278 2248 Maria
296 2192 446 2261 suscipitur
464 2209 482 2245 a
502 2191 579 2246 sexto
598 2190 681 2245 choro
699 2190 759 2244 256.

188 2280 278 2336 Maria
296 2279 449 2348 suscipitur
467 2297 485 2333 a
503 2278 623 2348 septimo
640 2278 725 2333 choro
743 2275 804 2332 257.

187 2369 278 2423 Maria
296 2368 445 2437 suscipitur
464 2383 482 2420 a
499 2369 598 2422 octavo
617 2367 699 2422 choro
717 2363 777 2419 256.

188 2456 278 2511 Maria
295 2456 444 2525 suscipitur
462 2471 480 2507 a
497 2469 571 2510 nono
589 2454 671 2509 choro
689 2453 750 2507 259.

188 2544 279 2598 Maria
297 2543 449 2615 suscipitur
467 2542 505 2597 ab
522 2542 670 2598 animabus
689 2540 814 2597 omnium
833 2542 994 2595 sanctorum
1012 2535 1072 2593 260.

188 2632 265 2698 Quod
284 2632 376 2687 sancti
393 2630 576 2700 singulariter
595 2631 775 2699 susceperunt
794 2629 914 2683 Mariam
932 2628 1071 2697 virginem
1090 2628 1149 2682 260.

187 2719 266 2786 Quod
285 2719 444 2789 Stephanus
462 2721 655 2788 protomartyr
673 2717 795 2786 suscepit
813 2716 934 2771 Mariam
953 2717 1011 2770 264.

188 2809 260 2863 Tota
277 2807 392 2862 trinitas
412 2807 532 2876 suscepit
551 2806 585 2858 M.
604 2807 664 2860 264.

188 2896 272 2951 Pater
290 2895 411 2965 suscepit
429 2895 466 2949 M.
487 2896 546 2948 264.

188 2985 274 3038 Filius
292 2983 413 3054 suscepit
432 2983 469 3037 M.
489 2984 548 3036 265.

188 3071 307 3142 Spiritus
326 3075 438 3127 sanctus
457 3070 578 3139 suscepit
598 3069 715 3123 Mariam
733 3071 794 3125 265.

188 3160 240 3214 Hic
258 3162 355 3215 auctor
375 3160 444 3214 facit
462 3158 667 3213 conclusionem
685 3158 728 3210 sui
746 3157 837 3227 operis
856 3158 916 3212 266.

188 3248 240 3302 Hic
259 3251 355 3303 auctor
374 3246 512 3301 satisfacit
532 3246 715 3315 arguentibus
734 3247 785 3300 hoc
804 3262 874 3316 opus
891 3247 950 3299 267.

189 3336 240 3389 Hic
258 3339 355 3392 auctor
373 3335 454 3405 ponit
472 3333 597 3404 gratiam
608 3333 764 3399 legentium
783 3333 828 3386 sel
841 3332 1016 3386 audientium
1030 3330 1075 3384 vel
1090 3328 1171 3383 scribi
1183 3338 1337 3397 procuran-

258 3424 331 3478 tium
348 3424 422 3476 huno
440 3421 544 3475 librum
562 3423 622 3476 267.
