3000 5125
696 331 698 334 ’
765 331 829 399 170

343 614 447 700 Quod
473 614 499 687 J
501 637 586 687 esus
613 615 736 688 oravit
762 637 830 711 pro
857 616 934 691 suis
962 616 1251 691 crucifixoribus.

293 813 295 816 ⁵
379 823 468 889 Sicut
490 822 584 888 Jesus
605 823 783 907 passionem
806 827 855 889 est
876 846 987 909 passus
1009 823 1204 908 innocenter,

379 928 430 994 Ita
451 931 565 994 cuncta
586 928 719 1012 pertulit
740 932 900 995 tormenta
922 931 1091 1016 patienter,

380 1034 471 1112 Quod
494 1055 551 1100 nec
573 1055 608 1098 os
631 1033 755 1117 aperuit
778 1055 849 1099 cum
872 1035 1126 1122 crucifigebatur,
1225 1114 1231 1124 Ι

380 1141 468 1207 Sicut
490 1161 592 1224 agnus
613 1138 774 1220 innocens,
797 1162 854 1206 nec
876 1141 1006 1207 verbum
1029 1142 1236 1229 loquebatur3

302 1265 353 1304 noo
379 1245 441 1327 Sed
461 1245 496 1310 in
518 1268 576 1310 suo
598 1243 740 1310 cruciatu
763 1249 887 1329 patrem
909 1246 1079 1328 invocavit,

379 1350 443 1416 Pro
465 1349 704 1416 crucifixoribus
726 1352 792 1417 suis
814 1352 966 1433 exoravit,

379 1456 511 1521 Dicens:
537 1455 662 1539 »Patsn
684 1456 736 1522 his
758 1460 931 1542 peccatum,
953 1480 1073 1545 precor,
1095 1458 1156 1526 hoc
1177 1459 1317 1549 ignosce,

378 1559 463 1628 Nam
482 1563 637 1644 nesciunt,
660 1562 736 1648 qnid
758 1561 900 1642 faciunt3
924 1562 994 1645 hoc,
1017 1568 1159 1653 rogote,
1184 1585 1372 1652 cognosce«
1493 1553 1494 1578 i

256 1864 311 1938 De
343 1865 500 1958 planctu
535 1866 575 1938 et
610 1864 737 1939 dolore
770 1864 887 1939 Maria
923 1820 1076 1962 virginis
1110 1867 1150 1939 in
1183 1868 1349 1939 mortem

718 1989 785 2063 filii
812 1990 882 2065 sui.

383 2194 461 2262 Jesn
482 2202 584 2263 mater
605 2219 733 2282 presens
755 2201 833 2278 erat,
856 2201 889 2263 et
909 2195 1103 2278 intuebatur,

305 2319 357 2358 ⁶⁰⁰⁶
383 2301 474 2378 Quod
496 2325 572 2367 suns
593 2303 778 2387 unigenitus
797 2304 842 2369 sic
862 2303 1071 2369 cruciabatur.
1167 2379 1169 2383 ,

381 2406 471 2474 Mille
493 2412 610 2473 mortes
633 2409 733 2474 levius
756 2408 869 2475 fuisset
891 2409 1055 2489 sustinere,

381 2513 484 2592 Quam
505 2514 605 2601 ipsius
626 2514 805 2601 passionem
826 2513 887 2581 filii
908 2514 1022 2581 ridere.

382 2619 508 2686 Obtulit
530 2642 563 2687 se
584 2621 688 2707 sepius
711 2625 744 2687 et
767 2621 846 2687 flens
862 2621 1118 2707 ‘deprecabatur‚'

381 2725 428 2793 Ut
450 2750 508 2812 pro
530 2749 587 2793 suo
609 2749 707 2813 puero
728 2728 845 2794 dilecto
867 2727 1085 2812 torquebatur,

304 2852 355 2891 son
381 2831 442 2899 Vel
465 2854 537 2898 curn
559 2854 596 2898 eo
619 2834 732 2898 saltem
755 2833 834 2918 ipsa,
857 2837 969 2919 rogat„
984 2833 1153 2911 occidatur,

384 2924 525 3023 Eiusque
543 2939 611 3003 vita
633 2938 748 3004 misera
770 2961 843 3004 oum
864 2943 941 3003 nato
963 2937 1104 3017 finiatur,

383 3043 494 3129 Sepius
517 3044 661 3137 accedere
682 3044 796 3130 lugens
819 3043 991 3124 nitebatur,

384 3148 446 3215 Sed
469 3173 488 3214 a
509 3150 787 3216 circumstantibus
809 3150 889 3215 heu!
913 3148 1141 3234 repellebatur3

381 3253 463 3331 Quia
483 3277 602 3341 magna
623 3256 798 3322 multitudo
820 3255 926 3322 stabat
948 3254 1122 3321 Judeorum

302 3377 353 3416 ⁶01⁵
381 3361 426 3426 Et
446 3361 585 3426 militum
607 3361 778 3447 gentilium
799 3366 831 3427 et
852 3362 1071 3446 phariseorum

382 3465 473 3532 Circa
495 3465 758 3554 benignissimum
778 3466 890 3534 desum
913 3466 1125 3546 cruciandum,

380 3570 431 3638 Ad
453 3573 554 3656 ipsius
576 3572 755 3657 passionem
777 3571 833 3656 qui
855 3575 1007 3637 venerant
1029 3570 1244 3656 spectandmn.

381 3678 426 3742 Hi
447 3678 577 3764 propius
599 3678 743 3744 accedere
765 3675 902 3742 Mariam
923 3697 987 3742 non
1011 3675 1167 3754 sinebant,

383 3782 436 3863 Et,
459 3785 604 3868 quotiens
627 3783 773 3848 accedere
794 3780 981 3866 temptabat,
1005 3781 1220 3866 repellebant3

304 3906 356 3943 ⁶02⁰
385 3886 475 3953 Unde
496 3889 598 3954 tristis
620 3889 736 3975 spiritu
757 3889 849 3954 stetit
869 3888 903 3953 in
926 3888 1044 3967 dolore,

383 3992 572 4077 Gemuitque
593 3995 698 4079 sepius
721 4011 793 4059 cum
816 3994 957 4060 dentium
981 3994 1126 4060 stridore.

382 4097 477 4163 Nune
498 4121 606 4163 amens
628 4099 719 4164 humi
740 4100 870 4181 corruit,
893 4123 977 4166 nunc
999 4120 1193 4186 gemensque
1214 4096 1357 4175 surrexit,
1489 4156 1490 4167 ,

382 4202 465 4280 Quid
489 4193 579 4269 fieret
601 4205 639 4269 de
661 4204 729 4270 fih'o
750 4205 856 4290 sepius
878 4205 1036 4291 respexit3

789 4347 808 4390 *

295 4431 365 4490 4998
383 4430 408 4486 G
425 4430 608 4487 cruciabatur.
746 4460 748 4463 ·
