3000 5125
682 378 742 448 151

294 558 338 624 Et
361 558 445 643 quod
467 558 554 641 ipsos
575 556 725 622 tribulari
747 561 878 641 propter
901 578 972 621 eum
994 557 1104 623 restet.

262 723 264 728 ,
295 663 372 729 Cum
395 665 459 730 ium
481 686 545 728 nox
567 663 736 728 advenerat
759 663 904 728 domiuus
928 662 1075 742 surrexit,

293 768 371 834 Cum
395 768 459 833 suis
482 768 645 852 discipulis
667 767 830 832 civitatem
853 767 936 845 exit3

208 891 266 930 ⁴³³⁰
292 874 336 938 Et
358 873 404 937 sit
426 873 466 937 ud
488 873 657 957 discipulos
680 894 752 937 cum
773 873 991 959 egrederetur:

292 977 428 1043 »Nullus
450 978 511 1043 erit
531 979 616 1042 inter
639 999 695 1042 vos
717 978 773 1062 qui
796 997 860 1041 nou
883 977 1024 1061 patietur

291 1083 328 1148 In
351 1085 411 1148 hoc
433 1088 525 1148 nocte
547 1083 738 1162 scandalum,
761 1105 832 1148 cum
854 1083 1052 1166 conspicietis

291 1189 321 1253 A
342 1187 453 1254 Judeis
474 1210 525 1252 me
548 1187 658 1265 teneri,
681 1210 757 1251 num
779 1209 887 1252 omnes
910 1187 1059 1272 fugietis;

289 1290 478 1378 Timorcque
500 1292 661 1377 perterriti
686 1292 790 1357 cuncti
814 1292 973 1372 recedetis,

207 1415 262 1455 4³⁸⁶
288 1397 327 1463 In
349 1397 520 1481 impiorum
543 1394 688 1460 munibus
711 1417 762 1460 me
785 1395 889 1461 solum
910 1396 1105 1481 relinquetis.

289 1500 328 1568 In
349 1501 412 1566 fide
433 1501 622 1568 dubitabitis
645 1523 701 1567 vos
723 1501 758 1565 iu
779 1504 882 1567 morte
903 1523 984 1582 mea,

289 1606 349 1694 Sed
371 1628 536 1693 resurgam
558 1611 590 1671 et
612 1606 777 1690 precedam
799 1628 856 1670 vos
877 1606 912 1669 in
934 1605 1087 1672 Getides«

290 1711 533 1796 Responderunt
554 1710 692 1797 singuli:
718 1710 883 1791 »Domine
906 1712 1010 1795 parati

278 1811 371 1885 'Mori
393 1841 452 1905 pro
474 1822 507 1883 te
528 1839 638 1882 sumus
660 1839 780 1895 omnes,
802 1816 868 1882 sive
891 1821 1015 1882 tecum
1037 1816 1134 1901 pati«

117 2134 235 2221 Quod
249 2137 360 2210 Jesus
379 2138 542 2232 predixit
561 2139 675 2212 Petro
693 2137 792 2233 quod
819 2139 919 2213 esset
945 2161 1031 2212 eum
1059 2141 1274 2233 negaturus.

208 2366 260 2403 ⁴³⁹0
287 2346 400 2412 Petrus
424 2348 485 2413 uit:
511 2348 677 2428 »Domine
700 2349 728 2413 si
749 2347 953 2414 scandalizati

283 2451 321 2517 ln
344 2457 376 2518 te
397 2453 504 2518 cuncti
525 2453 655 2534 fuerint,
678 2477 743 2519 non
766 2476 835 2540 ego,
858 2455 935 2539 quia
956 2453 1025 2538 pati

285 2558 423 2625 Mortem
444 2583 504 2646 pro
525 2565 558 2626 te
581 2585 652 2627 sum
674 2568 816 2647 paratus,
838 2583 895 2628 nec
916 2559 1152 2626 scandalizabor

145 2706 151 2717 ι
280 2663 317 2729 In
341 2669 381 2744 te,
405 2689 507 2751 neque
529 2668 668 2733 moriens
691 2690 710 2733 a
732 2673 765 2734 te
786 2667 987 2753 separabor«

283 2769 375 2835 Jesus
398 2771 460 2836 ait:
485 2772 687 2857 »Antequam
709 2773 814 2858 gallus
836 2774 1021 2837 cantaturus

202 2893 256 2932 4³⁹⁶
282 2873 321 2941 In
342 2875 402 2943 hoc
423 2881 523 2956 nocte,
548 2882 585 2942 tu
606 2900 657 2943 mc
679 2883 728 2944 ter
750 2879 812 2943 eris
834 2879 1038 2963 negaturus«

282 2980 396 3045 Petrus
418 2982 484 3047 uit:
510 2982 664 3049 »Domine
684 3005 849 3068 nunquam
871 2987 904 3047 te
926 2981 1062 3066 negabo,
1111 3006 1114 3011 ·

286 3084 330 3152 Et
352 3087 379 3152 si
401 3088 566 3174 opportuit
586 3111 637 3156 me
657 3089 755 3154 morti
776 3110 835 3175 pro
856 3091 888 3155 te
909 3088 1022 3152 dubo«

120 3404 229 3491 Quod
256 3405 366 3479 Jesus
392 3405 463 3479 ivit
490 3404 537 3479 ad
565 3407 718 3479 hortum
745 3408 861 3479 situm
880 3407 950 3479 sub
974 3406 1103 3479 monte
1123 3403 1269 3478 Oliveti.

279 3612 363 3679 Hinc
386 3617 525 3680 montem
548 3615 635 3681 subit
658 3614 787 3696 Oliveti,
810 3616 870 3681 sub
893 3637 956 3699 quo
978 3613 1043 3679 fuit
1064 3613 1127 3678 sita

279 3718 401 3784 Villule
422 3720 626 3806 Gcrsemuny,
650 3744 712 3806 que
734 3725 866 3787 vocatur
889 3721 946 3785 ita.

200 3843 253 3880 μου
279 3823 329 3888 Ibi
351 3824 415 3889 fuit
437 3826 566 3910 quidum
588 3826 710 3907 hortus,
733 3828 766 3891 in
790 3849 854 3912 quo
875 3828 1061 3911 pernoctare

279 3927 391 4013 Sepius
414 3936 619 3996 consueverat
641 3931 734 3998 Jesus
757 3935 790 3996 et
811 3952 912 3995 orere.

277 4032 361 4098 illud
382 4035 463 4099 bene
484 4036 640 4121 proditori
661 4036 798 4120 pessimo
821 4035 997 4115 constabat,

277 4137 368 4215 Quod
389 4137 484 4205 Jesus
506 4162 577 4206 cum
600 4141 762 4227 discipulis
784 4142 830 4206 ibi
852 4139 1068 4226 pernoctabat.

277 4243 460 4330 Congregat
482 4247 646 4331 pontifices
671 4252 703 4313 et
725 4247 879 4331 plurimos
901 4245 1029 4325 Judcos,
1090 4293 1100 4303 ⁷-
1170 4307 1174 4315 .

200 4367 252 4405 44⁰⁶
281 4346 485 4415 Sacerdotum
507 4352 675 4437 principes,
698 4375 770 4417 cum
792 4352 903 4418 scribis
927 4350 1099 4436 phariseos,

276 4454 338 4538 Qui
360 4454 475 4543 glsdiis
498 4454 701 4534 eustosinus,
724 4457 824 4525 veluti
846 4457 1011 4534 latronem,
