3000 5125
643 412 705 488 lec

252 592 392 679 Possem,
414 594 448 662 in
470 621 535 684 qua
556 599 662 664 vivom
684 620 769 663 nunc
791 598 895 663 cordis
918 620 990 664 cum
1013 600 1121 665 dolore

253 701 357 790 (logor
378 708 411 768 et
430 704 617 769 confusione
638 704 810 787 vultusque
831 704 956 770 rubcne.

251 808 356 876 Multo
378 831 429 874 me
450 810 575 874 beatior
597 809 650 873 hic
673 810 757 874 latro
780 809 947 894 reperitur,

253 913 315 990 Qui
337 915 402 980 iem
424 914 532 980 celesti
552 914 671 1001 gaudio
693 936 766 979 curn
788 914 917 980 domino
939 915 1074 999 potitur,

172 1038 228 1076 ⁶⁷³⁰
254 1018 336 1096 Quia
357 1020 426 1085 fore
448 1042 558 1085 verum
580 1020 673 1085 deum
695 1019 808 1085 Jesurn
830 1024 879 1085 est
901 1021 1073 1102 confessus,

251 1123 404 1201 Quamvis
425 1146 484 1189 suo
506 1146 565 1209 pro
586 1130 678 1189 rectu
700 1128 836 1189 mortem
851 1125 902 1189 sic
923 1148 1100 1211 perpessus,

252 1229 354 1307 Quem
375 1250 436 1315 ego
453 1229 552 1294 corde
572 1228 693 1313 perfido
716 1229 899 1314 relinquens
922 1232 1089 1318 abnegavi,

249 1336 365 1402 iurans
383 1357 460 1400 enm
483 1357 548 1399 non
570 1321 812 1400 novisse'fidem
835 1336 962 1402 violavi.

254 1441 336 1508 Mihi
359 1442 530 1526 plusquam
551 1440 699 1505 cunibus
722 1443 791 1525 ipse
812 1440 1001 1520 confidebat,

172 1566 227 1605 eaeo
253 1545 315 1611 Pre
335 1545 457 1611 cunctis
479 1545 701 1630 condiscipulis
724 1569 774 1612 me
796 1547 899 1612 solum
922 1547 1105 1628 extollebat,

255 1650 412 1728 Quoniam
433 1650 505 1735 plus
525 1650 676 1715 omnibus
695 1650 778 1715 milri
800 1652 1029 1732 committebat,

254 1755 300 1821 Et
321 1778 414 1821 suum
436 1755 640 1820 secretarium
663 1778 714 1820 me
735 1778 810 1841 sepe
830 1756 978 1822 faciebat.

255 1859 315 1927 Sed
331 1882 415 1926 nunc
436 1860 595 1925 infidelior
616 1883 686 1926 sum
710 1861 857 1926 omnibus
881 1862 1040 1944 inventus,

257 1965 294 2032 In
316 1987 440 2032 summe
462 1989 537 2031 narn
559 1966 746 2032 necessitate
768 1966 817 2031 fui
839 1966 1080 2043 fraudulentum

175 2089 233 2128 ὀπο
260 2069 345 2136 Nem
369 2094 461 2137 verus
483 2070 518 2136 in
540 2072 726 2137 necessitate
748 2072 930 2156 probandus
953 2079 1002 2139 est
1024 2076 1153 2154 amicus,

259 2178 311 2243 Sic
332 2178 485 2263 probetne
508 2199 568 2263 ege
590 2200 674 2243 nuno
696 2182 840 2262 repertus
863 2201 934 2243 sum
956 2180 1095 2264 iniquus.

257 2282 413 2369 indignus
434 2283 529 2349 modo
551 2282 656 2348 factus
678 2306 749 2347 sum
771 2283 877 2348 videre
899 2288 1127 2370 resurgentem,

259 2388 359 2465 Quem
380 2389 496 2475 negavi
517 2388 708 2454 tribulatum
729 2392 827 2473 atque
849 2389 1041 2474 patientem

257 2492 325 2559 Nec
347 2494 482 2580 amplius
498 2496 650 2560 accedere
672 2496 817 2560 mereber
839 2496 878 2560 ad
901 2495 1070 2575 viventem,

176 2617 232 2655 ⁶⁷⁹⁶
258 2599 359 2677 Quem
380 2606 448 2666 tam
469 2600 640 2666 infideliter
661 2600 777 2685 reliqui
799 2601 1006 2677 morientem3

258 2704 319 2771 sel
340 2707 554 2772 misericordie
575 2729 631 2772 sue
653 2696 851 2783 recbrdabor,
1070 2692 1076 2703 ’

259 2812 367 2896 Atque
388 2835 478 2877 suam
492 2812 639 2898 :gentium
661 2833 812 2897 magnam
834 2811 1050 2895 prestoleb0r;

257 2914 343 2981 Nom
365 2940 438 3002 sepe
458 2918 540 2982 mibi
562 2919 686 2983 dixerat
707 2917 776 2982 fore
798 2917 1019 2995 miserendum,

257 3021 302 3087 Et
322 3023 493 3107 plusquam
514 3022 695 3107 septuagies
717 3021 838 3105 peccati
861 3020 1094 3086 dimittendum.

179 3146 233 3184 ⁶³⁰0
260 3127 354 3193 Hunc
375 3151 468 3212 spero
490 3128 576 3213 quod
597 3127 750 3211 suscipiat
771 3125 875 3191 adhuc
896 3148 947 3191 me
969 3126 1173 3209 penitentem,

260 3231 342 3309 Quia
363 3256 528 3318 nunquam
549 3234 665 3299 deserit
687 3233 721 3297 in
744 3254 777 3297 se
792 3232 1019 3297 confidentem.

260 3337 287 3404 Ο
308 3336 385 3404 «lesu
406 3341 451 3405 mi
472 3340 663 3419 dulcissime,
686 3337 854 3404 odomine
876 3337 1026 3422 preclare,

259 3442 297 3508 In
320 3448 447 3510 metue
468 3443 623 3528 passionis
646 3443 817 3508 clementer
840 3441 1014 3518 recordere,

261 3548 306 3612 Et
328 3549 390 3614 mei
412 3549 562 3613 facinoris
582 3570 648 3613 non
670 3547 757 3612 ultre
778 3568 963 3625 memorare,

182 3654 243 3708 ποῦ’
262 3651 321 3717 Sed
341 3676 395 3719 me
416 3653 658 3728 clementissime
680 3652 819 3735 recipere
841 3651 984 3735 dignere,

260 3758 308 3824 Ut
329 3781 350 3823 a
371 3763 473 3824 morte
495 3763 711 3843 resurgentem
733 3760 766 3822 te
787 3778 910 3820 merear
930 3755 1046 3834 videre,

260 3863 305 3928 Et
327 3865 518 3948 promissum
540 3885 674 3950 regnum
696 3868 789 3928 tuum
810 3866 915 3926 tecum
938 3860 1127 3945 possidere<

226 4179 280 4263 De
307 4180 423 4284 signis·
450 4205 522 4283 que
548 4178 690 4260 fiebant
716 4178 756 4257 in
783 4166 955 4278 passione
982 4175 1135 4253 domini.

262 4390 400 4465 Mortem
414 4392 473 4484 jeiel
495 4391 580 4462 lilios
603 4413 674 4461 cnm
698 4392 879 4479 petiebatur

264 4503 346 4571 Tota
366 4506 477 4570 mundi
498 4502 646 4568 machina
667 4505 805 4567 tremens
828 4498 1026 4579 movebatur,

149 4625 207 4670 Vlla
220 4618 296 4675 istrie
759 4676 763 4683 .
1010 4602 1043 4660 13
