3000 5125
788 410 851 478 194

327 613 380 649 5555
407 590 514 676 Signis
536 593 568 654 et
591 588 746 673 prodigiis
769 587 1018 666 concutiebatur,

405 695 477 760 Pati
500 717 593 759 suum
615 697 788 759 creatorem
811 696 927 757 natura
949 692 1137 757 testabatur.
1187 752 1191 759 .

403 800 488 866 Nam
511 799 560 864 sol
582 800 768 865 obscuratus
790 802 838 864 est
860 821 917 883 per
938 802 1043 863 totum
1064 783 1174 863 orbem
1196 803 1291 882 terre,

404 905 608 972 Convertitur
630 905 664 968 in
687 902 875 989 sanguinem
897 903 973 967 luna
995 924 1053 968 uec
1076 902 1208 969 sufferre

404 1011 542 1076 Mortem
564 1008 643 1075 Jesu
665 1010 776 1088 valuit,
799 1010 928 1074 tenebre
950 1008 1071 1073 fiebant

327 1136 379 1173 5555
406 1116 467 1180 Ρ55
487 1119 592 1179 totum
612 1116 777 1190 mundum,
800 1136 873 1178 cum
895 1113 1031 1198 planetis
1054 1113 1159 1179 sidera
1180 1115 1359 1199 pellebant,

405 1222 450 1287 Et
472 1244 528 1306 per
550 1221 733 1285 universum
756 1220 865 1284 orbem
887 1218 925 1283 fit
946 1241 1082 1306 magnus
1105 1223 1330 1302 terremotus,

405 1326 490 1391 Nam
513 1327 553 1390 ad
574 1330 711 1390 mortem
732 1324 810 1390 Jesu
833 1325 970 1388 mundus
993 1325 1214 1389 contremescit
1236 1328 1335 1390 totus.

405 1432 498 1497 Petre
522 1453 647 1516 quoque
670 1430 765 1495 scisse
787 1435 871 1509 sunt,
894 1433 1020 1493 montes
1044 1433 1241 1509 corruerunt,

406 1537 508 1602 Multa
531 1558 625 1620 rupes
648 1539 741 1620 rupte
764 1539 849 1612 5555,
874 1534 972 1598 5151551
995 1537 1185 1617 patuerunt3
1296 1566 1297 1569 ¹

329 1663 381 1700 5555
407 1641 523 1706 Velum
545 1641 657 1724 templi
681 1642 814 1705 scissum
836 1643 885 1704 est
908 1643 940 1703 et
961 1637 1116 1703 interiora

408 1746 469 1811 Per
491 1769 524 1810 se
547 1744 744 1810 tebemaculi
766 1748 877 1829 patent
899 1745 933 1808 in
956 1744 1014 1809 hec
1036 1744 1125 1809 hora.

410 1851 535 1936 Templi
557 1872 683 1935 quoque
705 1850 860 1914 scinditur
882 1850 1123 1935 superliminare

409 1961 515 2041 55555
537 1961 613 2021 5555
635 1956 839 2040 pacificorum
862 1956 1022 2040 rumpitur
1044 1956 1153 2024 altare.

408 2061 445 2128 15
469 2061 588 2146 templo
611 2083 673 2125 vox
695 2061 805 2125 audita
828 2066 893 2126 est:
921 2059 1007 2126 »Has
1031 2061 1247 2145 relinquamus
1271 2063 1373 2141 sedes,

292 2163 295 2170 ’
331 2188 383 2227 5555
409 2167 563 2233 Cedamus
586 2167 626 2230 ab
650 2166 701 2230 his
723 2167 871 2246 sedibus.
885 2166 943 2230 has
966 2166 1166 2230 dimittamus
1188 2167 1298 2231 edes!‹

407 2274 452 2338 Et
474 2277 550 2337 5555
572 2272 733 2356 patefacta
755 2276 831 2336 suut
854 2272 1021 2355 sepulchra
1043 2275 1253 2350 mortuorum,
1292 2319 1293 2322 ,

411 2377 617 2443 Revivisount
639 2398 773 2460 corpora
794 2377 898 2441 multa
919 2375 1149 2455 defunctorum,

410 2482 472 2558 Qui
494 2485 660 2569 surgentes
683 2482 845 2547 civitatem
868 2485 1011 2546 sanctam
1033 2482 1234 2546 intraverunt

409 2588 595 2667 Jerusalem,
619 2611 652 2653 se
675 2589 761 2652 notis
784 2589 850 2652 suis
872 2589 962 2653 vivos
985 2589 1200 2653 ostenderunt.

331 2713 382 2751 5555
409 2694 460 2759 Ex
482 2694 546 2758 illis
570 2694 701 2779 quidam
717 2694 757 2760 ,in
779 2688 840 2758 bac
862 2715 956 2760 carne
979 2698 1166 2758 manserunt
1184 2693 1237 2758 hic
1252 2695 1406 2774 viventes,

408 2799 453 2863 Et
475 2803 548 2883 post
569 2822 669 2864 annos
693 2799 817 2884 aliquos
841 2822 967 2864 rursum
989 2799 1177 2875 morientes3

410 2904 546 2981 Quidam
568 2910 675 2969 autem
697 2905 879 2989 paradisum
902 2904 1085 2970 terrestrem
1107 2905 1320 2985 intraverunt,

410 3008 489 3074 Cum
511 3011 698 3075 ascendente
721 3011 849 3075 domiuo
872 3010 954 3077 celos
978 3011 1205 3088 ascenderunt3

409 3113 479 3178 Hac
495 3115 535 3179 -in
557 3137 613 3179 ora
635 3116 791 3199 passionis
812 3117 913 3180 multe
935 3117 1164 3181 subvertuntur

331 3230 385 3275 5555
410 3217 572 3299 Civitates,
596 3221 721 3305 oppida,
745 3221 876 3285 castella
899 3221 1116 3285 destruuntur.

409 3323 477 3387 Hec
499 3325 533 3387 in
556 3325 687 3390 diversis
711 3326 855 3409 partibus
878 3324 964 3389 551515
988 3325 1178 3403 acciderunt,

410 3429 494 3494 Nam
517 3431 660 3496 civitates
682 3430 759 3496 Asia
781 3436 858 3495 tunc
882 3431 1022 3515 quinque
1044 3435 1240 3495 corruerunt.

409 3533 548 3599 Infinitis
571 3537 699 3601 vocibus
722 3536 866 3601 infernus
889 3535 1068 3615 resonabat,

408 3637 494 3702 Nam
517 3644 645 3724 patrum
667 3641 858 3706 universitas
881 3631 1022 3726 gaudens
1046 3641 1220 3720 exultabat,
1260 3642 1263 3647 ’

331 3762 383 3798 5545
409 3742 454 3807 Et
475 3767 611 3830 magnus
634 3746 840 3810 exultationis
863 3746 1027 3830 letitieque
1049 3747 1179 3830 plausus

410 3848 523 3913 Fiebat
545 3856 624 3935 aput
646 3853 774 3932 inferos,
798 3875 872 3916 nam
895 3855 981 3916 cetus
1004 3851 1050 3915 ibi
1073 3849 1197 3914 clausus

411 3954 600 4021 Sanctorum
622 3963 750 4042 patrum
773 3958 936 4022 dominum
958 3958 1065 4021 venire
1087 3962 1314 4040 cognoscentes

409 4060 609 4125 Exultabant
631 4060 768 4126 iubilum
789 4084 942 4148 magnum
965 4061 1137 4137 facientes3

409 4164 494 4229 Nam
516 4188 550 4230 se
572 4161 635 4230 cito
657 4164 838 4231 liberandos
861 4168 1004 4232 sciebant
1026 4165 1209 4230 latabantur

332 4288 383 4324 5545
411 4269 455 4332 Et
476 4269 587 4334 desum
610 4270 764 4334 desiderio
786 4292 903 4356 magno
926 4269 1151 4353 prestolantur.

410 4373 495 4438 Ante
519 4374 638 4439 Christi
660 4377 839 4459 passionem
861 4376 1009 4459 apparuit
1030 4379 1164 4475 cometa·

409 4477 470 4545 Illa
492 4503 567 4544 mox
590 4481 746 4569 disparuit
768 4486 870 4547 morte
893 4483 959 4546 iam
982 4481 1147 4569 completa.
