3000 5125
669 365 711 434 77

277 542 350 629 Ipse
372 566 447 608 nam
471 542 612 608 Herodes
635 544 733 620 misit,
757 548 794 608 ut
816 544 871 628 qui
893 544 1115 621 invenirentur

275 648 419 715 Infantes
442 651 525 714 circa
548 649 735 714 Bethlehem
758 651 863 715 cuncti
886 654 1083 715 necarentur.

157 766 160 772 '
277 754 306 817 Α
330 754 453 821 bimatu
476 757 566 839 pueri
588 756 691 819 cuncti
716 756 917 819 trucidantur

193 876 251 914 2¹³⁶
277 859 322 923 Et
344 860 439 924 etatis
461 861 517 944 qui
539 860 671 925 minoris
694 882 761 925 esse
783 860 973 925 iudicantur.

109 1155 167 1228 De
205 1158 300 1251 fuga
332 1155 472 1252 Joseph
506 1135 545 1229 iri
580 1157 771 1252 Egyptum
811 1179 895 1231 cum
932 1181 1048 1253 puero
1083 1157 1195 1231 Jesus
1229 1162 1269 1232 et

571 1285 695 1354 matre
723 1281 815 1354 eius.

276 1488 379 1555 Nocte
401 1494 545 1556 sternens
568 1491 693 1555 asinum
715 1489 836 1574 Juseph
859 1491 1067 1568 consurrexit,

279 1595 413 1690 Sumens
437 1602 570 1662 matrem
595 1600 691 1681 atque
713 1618 806 1661 suum
827 1619 958 1681 puerum
983 1597 1130 1681 perrexit.

277 1700 314 1765 In
338 1701 501 1788 Egyptum
524 1702 651 1788 fugiens
674 1703 735 1767 sibi
758 1724 813 1767 ceu
837 1702 1022 1767 mandatum

275 1806 393 1872 Fuerat
415 1831 472 1893 per
495 1810 644 1895 angelum
668 1832 686 1873 a
709 1809 767 1874 deo
790 1809 992 1873 destinatum.

134 1983 140 1992 ι
195 1929 248 1966 2140
276 1912 361 1976 Dum
383 1912 418 1976 in
440 1914 606 2000 Egyptum
628 1915 740 1979 ductus
763 1918 812 1979 est
834 1913 927 1977 unius
949 1912 1012 1976 fuit
1034 1910 1109 1975 anni

275 2015 378 2096 Jesus,
402 2019 509 2083 dolum
533 2021 658 2105 fugiens
680 2019 809 2104 pessimi
831 2018 970 2102 tyranni.

275 2121 409 2188 Tamdiu
433 2146 507 2188 nam
530 2124 697 2189 distulerat
718 2124 860 2189 Herodes
882 2145 937 2187 rex
959 2142 1071 2187 necare

273 2224 468 2309 innocentes,
492 2233 529 2294 ut
550 2228 661 2295 desum
683 2234 789 2314 posset
811 2230 971 2314 indagare.

275 2332 336 2397 Hic
358 2356 422 2398 non
446 2335 553 2401 credat
575 2336 701 2420 aliquis,
724 2335 809 2420 quod
831 2335 927 2399 ierint
949 2333 982 2396 in
1006 2332 1058 2397 via

194 2454 246 2492 214⁶
274 2436 341 2502 Soli
363 2443 526 2524 portantes
550 2462 685 2524 puerum
706 2437 826 2524 loseph
849 2460 919 2503 cum
945 2437 1056 2515 Maria,

274 2543 356 2620 tluia
377 2544 498 2631 Joseph
520 2546 599 2612 duos
622 2546 718 2612 boves
741 2550 773 2611 et
796 2544 930 2610 totidem
951 2542 1086 2633 ducebat

273 2651 409 2729 Asin0s3
434 2652 468 2715 in
491 2674 555 2716 uno
577 2657 679 2717 mater
701 2675 773 2717 cum
796 2673 895 2735 puero
917 2649 1055 2728 sedebat,

272 2755 364 2821 Alter
386 2759 560 2822 necessaria
582 2758 683 2822 victus
706 2758 900 2842 deportabat,

273 2859 333 2925 Per
355 2862 513 2927 desertum
535 2864 568 2927 in
591 2886 654 2948 quo
676 2886 770 2931 nemo
792 2868 869 2929 tunc
890 2861 1103 2927 inhabitabat.

193 2984 245 3022 21⁶⁰
273 2967 432 3032 Ancillam
454 2974 550 3053 atque
574 2990 679 3034 servos
702 2974 767 3035 tres
789 2991 894 3034 secum
916 2967 1125 3045 adduxerunt,

274 3069 335 3147 Qui
357 3071 477 3156 loseph
502 3077 597 3158 atque
618 3074 737 3159 virgini
760 3097 816 3159 per
838 3075 922 3138 viam
944 3073 1131 3140 servierunt.

269 3174 314 3239 Hi
336 3198 392 3259 per
414 3178 594 3244 solitudinis
617 3179 804 3244 transebant
825 3181 870 3244 sie
893 3179 1060 3259 desertum,

274 3279 365 3356 Quod
388 3304 452 3346 non
474 3283 635 3348 habebant
656 3285 802 3349 semitam
824 3306 881 3350 nec
904 3285 1004 3349 ullum
1026 3285 1088 3348 iter
1109 3287 1239 3348 certum.

114 3581 169 3654 De
198 3581 312 3678 signis
340 3606 412 3678 que
440 3586 605 3662 faciebat
631 3586 742 3663 desus
769 3613 836 3685 per
863 3588 963 3663 viam
996 3613 1081 3662 eum
1114 3590 1262 3684 fugeret

551 3713 590 3785 in
618 3713 822 3809 Egyptum.

271 3910 411 3990 Quedam
433 3915 486 3981 hic
507 3918 661 3985 miracula
683 3922 789 4006 posita
810 3921 993 3988 scribuntur

191 4035 243 4073 arar
270 4019 337 4096 Qua
359 4022 393 4085 in
416 4021 476 4087 hoc
497 4023 611 4090 itinere
632 4025 717 4090 facta
739 4027 931 4094 referuntur.

270 4122 330 4200 Qui
353 4148 416 4190 non
439 4129 540 4192 credit
561 4131 670 4196 audiat
692 4137 798 4199 tamen
821 4135 989 4219 patienter,

268 4229 312 4294 Et
333 4229 444 4297 desum
466 4233 515 4298 dei
538 4235 639 4300 filium
662 4260 726 4303 non
749 4240 833 4304 dicat
854 4241 1070 4324 inprudenter,

268 4333 366 4399 Matri
388 4338 589 4406 dilectissime
612 4348 688 4409 tunc
710 4368 775 4410 non
798 4347 926 4411 affuisse
1197 4327 1200 4332 ι

268 4438 306 4504 In
328 4445 568 4512 necessitatibus
590 4449 714 4534 sibique
733 4454 932 4519 succurrisse.
