3000 5125
674 311 716 374 99

278 483 521 569 Responderunt
542 485 654 568 pueri:
681 484 863 561 »Quomodo
886 505 1049 567 possemus

154 602 157 608 '
277 589 366 674 lpsos
390 589 653 674 comprehendere
675 612 747 654 cum
769 593 836 653 rete
857 610 922 652 non
943 587 1140 652 1001900091(

185 708 192 722 '
278 694 371 760 Jesus
394 694 458 758 ait:
486 691 606 780 ›Prope
629 698 780 780 stagnum
802 714 916 777 parvas
938 692 1091 757 faciamus

278 798 304 863 F
306 820 402 879 ossas,
426 803 458 863 et
479 798 662 883 piscinulas,
686 799 713 862 91
735 798 812 862 illuo
834 797 1019 861 inducamus

196 923 251 960 28¹⁰
279 903 407 989 Aquam
429 926 487 988 per
509 903 657 982 alveolos,
682 909 760 969 tuno
782 903 985 989 egredientur

278 1009 326 1075 De
348 1014 463 1095 stagno
485 1009 595 1093 pisces,
625 1009 680 1094 qui
702 1032 759 1093 per
781 1030 838 1072 nos
862 1007 969 1072 statim
992 1008 1166 1092 capientur.

280 1114 374 1180 Jesus
397 1117 433 1177 ut
455 1114 614 1193 docuerat,
637 1115 727 1199 pueri
749 1113 894 1178 fecerunt
932 1120 942 1139 ⁹
1058 1168 1061 1174 .

280 1220 387 1304 Atque
410 1220 471 1284 sibi
494 1220 636 1306 singulas
660 1220 796 1304 piscinas
819 1221 1073 1298 construxerunt,

278 1326 324 1391 Et
345 1348 400 1410 per
424 1330 542 1390 terram
564 1324 668 1390 alveos
692 1326 729 1390 de
751 1329 867 1409 stagno
889 1327 1091 1407 paraverunt,

198 1450 252 1487 8810
279 1430 340 1495 Per
362 1452 441 1514 quas
464 1452 562 1515 aquas
584 1432 618 1494 in
640 1453 713 1495 suas
736 1430 908 1515 piscinulae
933 1430 1101 1494 duxerunt.

278 1534 371 1600 Jesus
395 1557 468 1599 vero
491 1542 660 1620 postquam
682 1558 773 1600 suam
795 1534 984 1619 piscinulam
1008 1535 1143 1619 paravit,

281 1639 327 1705 Ut
349 1641 387 1704 de
408 1644 524 1725 stagno
547 1641 646 1723 pisces
668 1640 750 1704 hano
773 1640 931 1704 intrarent
952 1640 1131 1724 imperavit,

282 1746 343 1823 Qui
365 1747 515 1811 mandato
539 1746 628 1830 pueri
651 1745 727 1811 Jesu
750 1749 935 1830 paruerunt,

228 1893 230 1898 ·
284 1850 441 1937 Stagnum
463 1858 611 1918 exeuntes
634 1876 724 1918 suam
746 1853 901 1937 piscinam
923 1852 1137 1937 repleverunt;

201 1975 254 2012 8881
282 1956 402 2022 Judeus
426 1959 554 2044 quidam
576 1960 767 2043 supervenit,
792 1957 899 2023 uidens
921 1959 1045 2042 operari

282 2062 400 2132 Pueros
424 2064 458 2127 in
481 2062 632 2142 Sabbato,
656 2064 740 2146 cepit
762 2063 933 2148 indignari.

282 2166 390 2251 Atque
413 2169 545 2234 dulcemv
558 2193 688 2253 puerum
714 2168 824 2233 Jesum
847 2169 1042 2253 increpabat,

282 2271 327 2336 Et
347 2273 453 2356 ipsum
475 2274 673 2338 contumeliis
696 2269 806 2337 multis
828 2273 1032 2357 impulsabat,

282 2376 414 2444 Dicens:
441 2376 581 2444 »Nostra
603 2379 736 2443 sabbata
759 2378 940 2463 frequenter
962 2379 1083 2443 violare

207 2501 259 2542 aser
286 2481 375 2548 Soles
398 2485 493 2568 atque
515 2484 580 2549 dies
602 2484 700 2549 festos
723 2506 787 2548 non
810 2485 858 2547 vis
881 2481 1057 2548 observare.

282 2587 436 2653 Necnon
458 2593 583 2653 nostros
605 2612 719 2673 pueros
743 2572 855 2654 callide
878 2589 998 2653 seducis

283 2693 401 2758 Tecum
422 2699 459 2759 ut
480 2682 766 2775 transgrediantur,
790 2695 829 2758 ad
851 2694 912 2761 hoc
934 2702 987 2758 eos
1009 2693 1161 2758 inducis«

276 2796 375 2862 Jesus
398 2799 462 2862 ait:
489 2797 577 2863 »Tua
599 2803 637 2862 tu
658 2799 793 2863 sabbata
815 2798 947 2876 custodi,

281 2902 353 2987 Ego
375 2904 477 2968 multo
499 2905 668 2989 plusquam
690 2909 725 2969 tu
749 2907 998 2988 transgressores
1022 2902 1074 2967 odi

204 3025 256 3063 2⁸³⁰
283 3007 386 3093 Legis
409 3012 442 3072 et
464 3032 482 3072 a
503 3013 535 3073 19
558 3009 667 3099 docere
689 3031 754 3073 non
776 3007 878 3072 habeo
901 3030 1034 3087 necesse,

283 3113 392 3178 Etiam
415 3114 574 3179 doctorem
596 3136 702 3178 meum
724 3118 756 3177 te
778 3136 842 3177 non
866 3104 954 3177 decet
977 3135 1052 3177 9999.

174 3284 178 3292 ,
282 3218 367 3283 Nam
389 3223 537 3304 precepta
560 3220 610 3284 dei
632 3219 694 3283 mei
717 3219 1070 3303 legisquemandatum

265 3324 450 3393 ,Custodire
471 3349 542 3390 sum
564 3331 695 3410 paratus
717 3318 1033 3389 incontaminatum«
1102 3378 1105 3383 .

229 3454 231 3459 ·
287 3430 337 3495 Ad
360 3432 417 3495 hec
440 3431 536 3495 verba
559 3432 654 3495 miser
675 3431 730 3494 ille
752 3424 872 3494 Judens
895 3426 1090 3514 indignatus,

208 3553 259 3590 2⁸³⁶
287 3534 331 3598 111
353 3536 386 3598 10
408 3536 455 3599 ire
477 3535 613 3598 maxime
635 3534 775 3598 furorem
796 3532 1023 3614 inflammatus,

286 3640 336 3704 Ad
357 3639 434 3705 Jesu
455 3640 643 3724 piscinulam
665 3642 805 3704 cucurrit
827 3644 858 3703 et
882 3640 1048 3717 destruxit,

285 3745 477 3810 Ocnouloans
501 3767 617 3830 aquam
639 3745 771 3828 pedibus
794 3768 849 3827 per
871 3743 990 3808 rivulos
1013 3744 1132 3809 eduxit.

284 3849 377 3919 Jesus
399 3851 461 3914 ait:
489 3849 685 3935 »Impunitus
708 3850 769 3914 hoc
790 3850 911 3941 factum
933 3872 997 3913 non
1019 3849 1181 3929 transibis,

206 3946 213 3953 ⁸
285 3955 368 4021 Nam
391 3961 492 4023 morte
515 3956 682 4021 subitanea
704 3950 1048 4038 miserrime'peribis.‹

187 4064 259 4118 '28⁴0
286 4059 401 4125 Statim
424 4068 592 4147 postquam
608 4061 700 4127 Jesus
715 4084 794 4145 puer
809 4061 869 4126 hoc
885 4061 1015 4124 verbum
1031 4061 1272 4138 consummavit,

286 4165 336 4230 Ad
360 4170 477 4253 terram
502 4168 596 4231 miser
618 4189 767 4231 corruens
790 4164 910 4230 Jndeus
932 4165 1099 4248 expiravit.

286 4268 355 4333 Hoc
377 4270 518 4335 uidentes
541 4271 654 4355 reliqui
678 4270 767 4353 pueri
790 4269 964 4354 fugierunt,

286 4371 425 4460 Suisque,
442 4375 627 4460 parentibus
649 4375 771 4441 factum
794 4375 980 4440 retulerunt.

1028 4482 1043 4535 7
1054 4480 1068 4508 a
