3000 5125
699 328 762 394 199
789 302 792 308 ’

310 504 483 572 Conditum
504 504 711 591 aromatibus,
734 502 884 569 flebiliter
906 502 1116 589 planxerunt3

309 610 412 697 Prope
434 610 564 695 quidam
585 610 697 675 hortus
721 613 800 689 erat,
822 609 857 673 in
880 630 943 694 quo
965 610 1024 675 sub
1047 632 1126 696 rupe
1148 610 1214 677 lata

309 715 465 802 Spelunca
487 739 585 801 parva
606 717 711 782 fuerat
731 715 891 782 modicum
912 719 1040 792 cavata3

308 821 347 887 In
370 822 431 887 hac
451 822 601 907 spelunca
623 820 769 887 dominus
791 820 878 886 horti
901 822 1064 906 preparari

228 946 282 987 sess
308 927 493 1012 Sepulcrum
514 927 577 993 sibi
598 927 726 1008 fecerat,
749 927 783 993 in
806 949 869 1012 quo
891 927 1045 993 tumulari

309 1034 387 1102 Post
409 1039 543 1101 mortem
566 1036 765 1120 disposuerat
786 1033 965 1119 sepulcrum
988 1033 1048 1097 hoc
1070 1032 1219 1114 excisum,

308 1140 360 1206 Ex
381 1140 451 1223 ipsa
472 1142 560 1226 rupis
583 1145 673 1226 petra
694 1140 759 1206 fuit
781 1162 911 1207 manens
933 1138 1114 1206 indivisum.

310 1244 341 1313 A
362 1245 431 1312 loce
453 1267 510 1313 suo
533 1268 591 1314 neo
613 1251 770 1313 remotum
793 1245 975 1331 speluncam
997 1246 1081 1311 hanc
1102 1249 1247 1311 emerunt

309 1351 447 1417 Predicti
469 1352 538 1431 viri,
562 1351 640 1417 Jesu
662 1372 777 1435 corpus
800 1351 834 1415 in
857 1372 920 1435 quo
942 1350 1143 1435 sepelierunt.

229 1474 283 1516 eaeo
310 1456 445 1523 Portant
467 1478 543 1544 ergo
566 1478 690 1523 sacrum
712 1477 825 1540 corpus
849 1455 890 1520 ad
910 1455 1135 1540 sepeliendum,

308 1561 468 1649 Plangens
490 1561 568 1629 Jesu
590 1562 734 1648 sequitur
755 1566 858 1633 mater
880 1561 921 1628 ad
943 1562 1123 1642 videndum,

308 1668 374 1737 Ubi
396 1669 446 1734 sui
467 1667 551 1733 uteri
572 1667 793 1753 corpusculum
816 1670 964 1752 ponatur,

307 1774 352 1841 Et
374 1776 412 1841 de
434 1796 491 1840 suo
513 1795 611 1859 puero
634 1773 735 1839 diluto
759 1772 836 1858 quid
861 1777 986 1859 agatur.

306 1878 535 1966 Multaquoque
557 1880 674 1946 femine
697 1902 769 1945 oum
791 1880 861 1964 ipsa
882 1880 1105 1965 sequebantur,

231 2003 283 2044 aeae
309 1984 442 2052 Dulcem
463 1984 574 2051 Jesum
596 2006 714 2070 magno
736 1985 865 2069 planctu
889 2006 950 2069 que
973 1984 1240 2050 lamentabantur.

308 2088 528 2175 Sequebantur
550 2090 695 2157 undecim
718 2088 865 2175 discipuli
886 2089 1042 2174 lugentes,

307 2194 369 2261 Pro
392 2200 494 2262 morte
516 2196 566 2263 sui
589 2195 709 2261 domini
732 2194 897 2279 planctum
918 2193 1080 2276 facientes,

305 2300 357 2367 ΕΚ
378 2302 582 2389 septuaginta
604 2301 688 2367 binis
711 2300 806 2367 multi
829 2300 997 2379 affuerunt,

305 2404 366 2481 Qui
389 2407 536 2493 magistri
558 2406 607 2472 sui
629 2410 764 2473 mortem
786 2405 936 2471 flebiliter
958 2406 1159 2492 planxerunt.

227 2531 279 2570 ⁶⁰⁰⁰
306 2510 407 2579 Simul
429 2534 536 2579 omnes
559 2512 740 2579 dolorosum
763 2517 795 2578 et
818 2534 962 2578 amarum
983 2511 1148 2597 planetum

305 2617 460 2683 Fecerunt
483 2641 576 2702 super
598 2617 697 2683 dulcis
720 2616 798 2683 Jesu
821 2639 934 2702 corpus
956 2617 1037 2682 illud
1059 2621 1223 2696 sanctum3

306 2722 456 2790 Planctus
478 2729 556 2790 tunc
577 2729 644 2789 tam
666 2723 782 2789 flebilis
804 2747 868 2789 non
891 2728 940 2789 est
962 2722 1089 2789 auditus
1112 2746 1271 2808 unquam3
1386 2754 1388 2758 >
1463 2741 1473 2759 ·

306 2827 358 2902 Sic
379 2829 525 2924 lugentes
548 2834 643 2923 atque
665 2830 776 2903 flentes
799 2833 954 2901 venerunt
976 2829 1016 2900 ad
1038 2829 1230 2921 speluncam.

209 3147 314 3237 Quod
341 3150 553 3248 sepulcrum
579 3151 672 3224 Jesu
698 3151 891 3224 munitum
919 3154 977 3225 est
1004 3151 1232 3228 custodibus.

304 3358 397 3429 Hanc
418 3360 584 3427 intrabant
606 3381 730 3426 sacrum
754 3382 867 3446 corpus
889 3360 951 3427 hoc
970 3361 1165 3446 sepelientes,

227 3482 279 3523 θοοῦ
307 3464 523 3550 Magnumque
545 3484 639 3551 super
661 3465 821 3531 tumulum
842 3466 980 3552 lapidem
1002 3472 1166 3553 ponentes,

306 3568 407 3645 Quem
428 3569 601 3656 signabant
623 3574 708 3636 certa
731 3592 789 3636 sua
810 3570 903 3658 signa
925 3571 1078 3652 faciendo,

304 3674 349 3741 ut
371 3675 478 3762 sigilla
499 3676 589 3742 varia
613 3676 698 3741 saxis
721 3676 915 3762 adponendo.

303 3780 355 3848 Ad
377 3782 545 3849 introitum
568 3784 715 3868 spelunce
736 3782 944 3848 claudendum
968 3784 1170 3850 revolverunt

304 3886 421 3974 Ingens
444 3911 565 3970 saxum,
588 3893 628 3955 et·
642 3911 714 3955 eum
736 3887 852 3975 sigillis
874 3889 1075 3968 munierunt3

226 4013 278 4051 aa
304 3992 390 4059 Nam
412 3993 507 4060 Judei
528 3996 681 4061 miserant
702 3994 865 4059 minisbos
889 3994 929 4059 ad
951 3994 1121 4060 videndum

304 4098 348 4164 Et
370 4122 484 4187 eorpus
505 4100 808 4166 nesubtraheretur
830 4099 964 4165 sollicite
986 4100 1176 4175 cavendum;

304 4205 478 4292 Postquam
500 4207 695 4293 sepulturam
718 4206 802 4271 hanc
822 4228 944 4272 sacram
967 4206 1164 4292 perfecerunt

303 4311 383 4382 oum
404 4315 512 4384 dolore
533 4312 652 4408 singuli
675 4313 714 4381 ad
737 4334 795 4381 sua
817 4312 988 4382 redierunt.
