3000 5125
636 424 700 488 225

170 620 223 659 6666
251 602 357 686 Atque
380 621 450 664 cum
473 596 628 663 velamine
651 597 857 661 mundissimo
879 595 999 677 velato;

250 706 301 771 Ad
323 709 441 770 terram
464 705 598 782 vultum,
621 702 727 768 oculos
750 701 909 767 modicum
932 701 1065 781 reflexit,

250 810 461 876 Transeuntes
483 808 627 873 homines
650 808 809 873 rarissime
831 808 978 892 respexit.

249 913 355 999 Ipsam
378 917 485 978 autem
507 912 622 997 aliquis
645 913 672 976 si
694 911 779 978 forte
802 913 962 992 salutavit,

249 1019 302 1085 Illi
325 1020 461 1083 multum
484 1022 660 1083 reverentes
682 1017 793 1082 statim
815 1017 981 1096 inclinavit

171 1146 224 1182 6666
250 1125 383 1189 Dicens:
409 1124 495 1189 »Deo
517 1124 649 1209 gratias,
670 1123 731 1189 tibi
755 1126 854 1207 part<
879 1121 1018 1188 habebat

227 1221 229 1226 ’
251 1228 346 1294 Illum
369 1251 492 1313 semper
515 1229 724 1313 respondendi
748 1229 875 1293 modum
898 1251 970 1293 cum
992 1226 1127 1292 vivebat.

250 1333 289 1399 ln
311 1334 430 1419 templo
452 1334 534 1397 nihil
557 1333 645 1399 aliud
667 1334 807 1399 exercuit
829 1332 952 1422 Maria,

250 1438 322 1504 Nisi
345 1438 429 1523 quod
445 1439 589 1516 ‚orationi
612 1439 679 1503 sive
701 1437 877 1522 psalmodia

250 1542 385 1609 Vacavit
407 1546 440 1607 et
461 1542 625 1607 celestium
647 1542 917 1627 contemplationi,

173 1666 226 1703 6666
253 1644 360 1732 Atque
383 1647 432 1711 dei
453 1647 676 1712 mandatorum
699 1647 908 1712 meditationi.
1020 1674 1024 1680 ·

251 1750 326 1817 Non
348 1751 382 1815 in
404 1751 499 1816 turba
522 1752 632 1837 populi
654 1751 778 1818 solebat
801 1774 961 1837 apparere,

251 1856 312 1922 Sed
334 1857 368 1920 in
391 1858 459 1922 loco
481 1860 678 1941 sequestrato
700 1857 864 1922 consuevit
885 1856 1030 1936 residere,

253 1962 322 2028 Nec
343 1962 389 2027 ibi
411 1984 482 2027 cum
504 1964 612 2048 aliquo
634 1963 799 2047 colloquiis
822 1963 954 2043 vacavit,

253 2067 313 2133 Sed
335 2066 471 2152 peractis
493 2056 640 2133 omnibus
661 2068 791 2132 domum
813 2069 973 2146 remeavit,

173 2194 226 2230 coro
253 2172 426 2257 Postquam
448 2176 554 2237 autem
576 2174 641 2237 iam
663 2173 725 2237 diei
747 2173 834 2237 venit
855 2171 936 2237 hora
957 2195 1042 2237 nona

253 2279 291 2341 ln
313 2278 456 2343 oratione
478 2300 536 2343 sua
557 2278 674 2342 mansit
697 2279 789 2362 virgo
812 2279 905 2358 bona,

254 2382 304 2447 Ad
327 2383 429 2465 ipsam
453 2382 550 2446 donec
572 2383 704 2467 angelus
726 2382 814 2446 venit
836 2382 919 2446 hanc
941 2381 1134 2460 confortans,

256 2486 371 2551 Panem
393 2508 519 2572 quoque
541 2486 655 2550 celicus
676 2486 809 2550 missum
833 2484 895 2550 sibi
916 2490 1057 2572 portans.

253 2593 327 2659 Alio
349 2593 453 2658 Maria
474 2591 545 2656 cibo
567 2595 643 2656 tunc
665 2614 728 2656 non
751 2592 910 2670 utebatur,

175 2718 228 2755 coro
254 2697 327 2762 Nisi
348 2720 429 2782 pane
451 2697 507 2782 qui
529 2697 566 2761 de
589 2697 655 2761 celo
678 2696 740 2762 sibi
762 2697 959 2761 mittebatur.

254 2802 408 2887 Quicquid
431 2806 536 2866 autem
557 2824 709 2866 manuum
732 2801 893 2866 laboribus
916 2803 1032 2866 lucrari

254 2907 374 2987 Vetuit,
397 2907 457 2971 hoc
479 2906 640 2971 ordinavit
661 2906 852 2991 pauperibus
874 2907 995 2971 donari.

254 3011 331 3077 Post
353 3011 555 3077 refectionem
578 3012 645 3076 eius
668 3032 794 3076 rursum
815 3012 850 3076 in
872 3013 979 3076 labore

255 3116 383 3195 Mansit,
406 3123 531 3200 tempus
553 3116 731 3201 vespertine
753 3117 851 3181 donec
874 3117 960 3182 venit
981 3117 1068 3181 hore.

176 3240 229 3277 6666
257 3221 287 3285 A
309 3221 430 3285 cunctis
452 3224 528 3286 tunc
550 3220 712 3287 laboribus
736 3245 886 3286 manuum
909 3223 1052 3301 cessavit,

256 3324 389 3403 Psalmis
412 3330 445 3390 et
466 3327 609 3391 oratione
630 3327 776 3412 deinceps
799 3329 931 3393 vacavit.

256 3429 346 3495 Hora
368 3432 565 3516 completorii
587 3435 701 3496 cuncta
722 3433 963 3511 consummavit,

256 3535 377 3621 Septies
399 3537 434 3600 in
455 3537 506 3602 die
527 3538 634 3602 laudes
657 3538 701 3602 sic
724 3538 782 3602 deo
805 3537 993 3602 decantavit.

257 3641 372 3707 Postea
395 3642 541 3707 dulciflua
564 3665 597 3707 se
618 3642 809 3707 devotioni·

179 3766 232 3804 6666
258 3746 354 3812 Dedit
377 3751 408 3811 61
430 3745 592 3810 celestium
614 3745 884 3830 contemplationi,

260 3850 448 3936 Secretaque
469 3850 596 3915 celestia
617 3851 709 3916 corde
730 3851 922 3930 meditando,

259 3955 307 4019 Ac
328 3957 449 4021 elevato
472 3957 592 4041 spiritis
612 3956 746 4021 iocunde
768 3957 940 4021 iubilando.

187 4125 190 4131 ,
259 4059 297 4124 ln
318 4061 452 4146 virginis
474 4061 632 4126 consortio
653 4060 940 4153 1611111161116111111Ι

258 4165 406 4251 Dumque
428 4171 513 4232 caste
536 4167 675 4252 virgines
698 4167 822 4232 axillis
846 4167 1045 4232 exstiterunt.

181 4290 233 4327 6666
260 4270 337 4335 'I'res
361 4276 392 4336 et
414 4272 474 4336 due
497 4272 589 4337 vidue
612 4272 713 4337 Maria
735 4276 969 4349 conmanentes,

260 4374 327 4440 Sibi
351 4399 421 4441 cum
444 4377 595 4461 obsequia
618 4376 767 4441 solatium
790 4377 965 4461 prebentes.

260 4479 372 4545 Vestes
395 4504 520 4566 qnoque
543 4483 676 4568 virginis
699 4504 762 4545 non
785 4482 924 4546 multum
946 4477 1084 4564 preciose
1165 4517 1166 4521 =

17 4592 18 4595 ¹
90 4636 92 4641 .
147 4600 203 4641 vua
217 4599 291 4641 Marte
1008 4582 1040 4635 15
