3000 5125
651 397 713 460 241

265 570 408 657 Angelus
431 589 492 654 qne
514 570 646 643 dixerat,
669 592 705 635 ac
726 572 805 654 ipsis
827 571 1055 637 demonstravit

264 675 407 741 Palmam
430 679 525 760 atque
547 677 780 755 vestimentum,
804 676 888 760 quod
910 676 971 740 sibi
993 679 1196 759 presentavit.

113 992 233 1076 Quod
261 994 357 1066 socie
385 992 503 1066 Maria
529 992 684 1087 virginis
711 995 939 1087 planxerunt
966 996 1111 1067 obitum
1140 996 1231 1068 eius.

185 1222 237 1259 nro
263 1201 322 1267 Ille
343 1222 418 1267 vero
440 1200 573 1284 virginis
596 1200 766 1264 discessum
789 1200 952 1265 audientes

264 1305 421 1391 ceperunt
442 1304 518 1369 flere
539 1304 674 1389 singule,
698 1326 769 1369 cum
792 1305 914 1389 gemitu
936 1303 1091 1369 dicentes:

266 1410 341 1490 ›Ve,
365 1433 402 1476 ve
423 1410 525 1488 nobis,
547 1414 650 1475 mater
671 1415 791 1489 nostra,
814 1432 852 1475 ve
874 1410 965 1474 nobis
988 1409 1165 1474 veneranda

263 1513 366 1580 Maria
388 1517 479 1602 virgo
501 1517 673 1597 virginum,
695 1517 831 1582 clemens
853 1520 886 1581 et
898 1493 1060 1582 amanda!

263 1620 353 1686 Heu!
376 1622 468 1685 nobis
490 1644 574 1686 nunc
595 1621 802 1698 subtraheris,
826 1645 845 1685 a
868 1623 960 1686 nobis
983 1623 1149 1705 separaris,

182 1743 236 1781 1111
264 1724 295 1789 A
316 1729 487 1809 nostroque
509 1726 678 1806 consortio
690 1749 728 1791 ve
749 1726 842 1791 nobis
864 1728 1048 1810 amputaris,

263 1830 306 1895 Et
328 1853 348 1894 a
369 1831 583 1896 consolatione
605 1853 662 1896 nos
685 1836 741 1895 tua
764 1833 939 1911 viduamur,

265 1934 295 1999 A
317 1940 435 2020 tuaque
455 1936 610 2001 melliflua
631 1937 794 2001 dulcedine
815 1937 987 2020 privamur.

265 2042 345 2106 Eras
368 2042 452 2110 enim
476 2047 585 2107 nostra
607 2064 677 2126 spes
699 2047 731 2106 et
754 2042 853 2106 dulcis
875 2040 1077 2120 consolatrix,

264 2144 314 2210 Tu
336 2150 479 2211 nostrum
502 2146 753 2211 sustentaculum
776 2150 808 2211 et
830 2146 1023 2210 auxiliatrix.

183 2269 235 2307 ⁷1⁸⁰
263 2250 311 2314 Tu
334 2273 460 2336 quoque
481 2251 573 2317 nobis
595 2253 728 2317 extitisti
752 2273 874 2337 semper
895 2250 964 2316 loco
987 2250 1108 2328 matris,

261 2354 324 2420 Pro
346 2357 438 2421 nobis
460 2356 597 2421 sollicita
620 2357 710 2421 fuisti
732 2357 800 2421 vioe
821 2356 932 2440 patris.

260 2459 291 2525 Α
313 2462 377 2526 tuis
400 2463 481 2526 heu!
505 2463 655 2527 uberibus
676 2462 829 2528 maternis
851 2482 936 2526 nunc
958 2463 1116 2539 orbamusr,

173 2566 175 2570 '
262 2565 292 2630 A
313 2567 440 2652 tuisque
461 2568 626 2652 colloquiis
648 2568 796 2652 benignis
818 2566 1026 2631 desolamur«

102 2883 210 2968 Quod
237 2884 358 2956 Maria
384 2883 489 2956 flevit
515 2905 562 2956 ex
589 2884 846 2978 compassione
869 2883 1058 2956 'sociarum
1085 2901 1248 2951 suarum.

262 3092 365 3158 Maria
386 3095 478 3179 virgo
501 3115 572 3158 cum
594 3093 716 3157 audivit
737 3115 868 3157 suarum
890 3091 1046 3156 sociarum

182 3215 234 3253 7¹⁸⁵
257 3198 428 3292 'Planctum
450 3204 581 3284 propter
603 3198 726 3263 obitum
749 3199 816 3263 eins
838 3201 906 3262 tam
927 3215 1079 3271 amarum,

261 3304 312 3367 Ex
333 3307 548 3389 compassione
569 3327 688 3391 magna
710 3327 782 3370 cum
804 3305 881 3389 ipsis
905 3302 989 3387 cepit
1011 3300 1096 3375 llere,

261 3406 391 3493 Illisque
414 3411 592 3475 dolentibus
615 3412 699 3495 cepit
722 3410 895 3474 condolere.

145 3702 249 3787 Quod
278 3705 470 3780 Johannes
497 3707 730 3800 evangelista
758 3706 973 3801 supervenit
1000 3709 1039 3777 et
1065 3704 1209 3776 invonit

443 3826 604 3901 Mariam
630 3829 904 3901 lacrimantem.

151 4092 154 4098 .
264 4039 472 4123 Evangelista
494 4038 656 4104 Johannes
679 4040 788 4104 statim
811 4038 993 4122 supervenit

261 4143 306 4209 llt
328 4144 464 4210 Mariam
487 4144 706 4209 lacrimantem
728 4144 885 4228 virginem
907 4143 1040 4207 invenit.

185 4268 237 4306 ⁷1⁹0
264 4250 406 4316 Territus
429 4255 461 4314 et
484 4249 657 4314 admiratus
680 4249 785 4327 nimis,
808 4269 863 4312 cur
886 4249 1005 4312 doleret

262 4352 364 4440 Virgo
387 4355 437 4420 dei
459 4355 608 4440 genitrix,
633 4358 665 4418 et
686 4376 742 4418 cur
764 4355 811 4417 ita
833 4353 943 4428 fleret;

263 4458 431 4525 Continere
454 4482 487 4524 se
509 4481 573 4525 non
597 4460 713 4538 valens,
737 4459 859 4541 etipse
881 4457 1041 4521 lacrimari

149 4581 205 4623 vsa
218 4579 293 4621 usas
903 4598 906 4603 ι
1007 4561 1039 4614 16
