3000 5125
779 335 842 403 184

392 515 514 583 Cuncta
535 515 617 579 sicut
638 515 709 599 pins
731 536 810 599 puer
832 535 893 598 que
914 513 1001 577 volui
1022 512 1135 578 fecisti.

314 640 365 676 aa
392 619 439 685 Ve
460 619 550 697 milri,
572 618 666 683 modo
688 640 818 703 separor
839 640 859 683 1
880 616 1096 683 consolatione

392 725 462 790 'lua
483 729 550 788 tam
571 723 734 800 melliflua,
758 727 876 808 tuaque
898 723 1026 789 visione.

391 831 514 896 Dilecte
536 829 591 907 mi,
614 851 698 894 nunc
720 828 863 907 moreris,
886 851 937 893 me
959 828 1027 893 sola
1049 828 1206 908 derelicta,

392 934 540 1019 Corporis
562 937 595 999 et
616 935 720 1000 anime
741 932 904 999 doloribus
927 933 1057 999 efflicte.

392 1039 473 1117 Quia
495 1061 589 1104 senex
611 1040 666 1104 ille
688 1038 819 1123 Joseph,
844 1060 938 1123 quem
959 1038 1040 1104 mihi
1063 1038 1258 1123 provisorem

312 1164 363 1202 aa
391 1144 515 1209 Bonum
538 1143 744 1228 deputaveras
768 1146 800 1208 et
822 1147 1069 1227 procuratorem.

392 1249 451 1315 Ille
473 1271 557 1313 nunc
578 1249 617 1313 de
638 1249 741 1314 medio
764 1271 820 1333 per
842 1252 979 1313 mortem
1001 1253 1049 1313 est
1070 1249 1225 1327 sublatus,

394 1353 444 1418 Tu
466 1374 602 1437 quoque,
624 1353 669 1417 mi
692 1352 880 1432 dulcissime,
903 1353 1019 1437 pendes
1042 1353 1111 1419 neci
1134 1353 1236 1418 datus.

395 1457 465 1535 Quo
486 1479 537 1522 me
558 1462 689 1535 vertam,
713 1458 764 1521 vel
786 1458 862 1542 quid
885 1480 989 1545 egam,
1013 1460 1137 1543 penitus
1160 1460 1306 1543 ignores

392 1564 481 1648 Ergo
503 1562 703 1627 dilectissime
725 1566 758 1627 te
780 1549 950 1647 deprecans
973 1586 1077 1642 exoro,

313 1684 367 1725 1111
392 1667 439 1735 Ut
460 1689 529 1732 mee
550 1688 634 1730 nune
654 1666 780 1732 miserie
802 1671 839 1732 tu
860 1669 1046 1749 miserearis,

392 1772 469 1838 Post
491 1775 581 1836 tuam
602 1776 737 1835 mortem
759 1772 865 1837 vivere
886 1796 936 1839 me
958 1795 1022 1838 non
1045 1774 1195 1859 petierim

393 1875 454 1941 Sed
475 1876 555 1941 mihi
577 1878 672 1942 nimis
694 1879 808 1944 misere
830 1882 962 1946 concede
983 1882 1077 1947 modo
1098 1883 1188 1962 mori,

393 1981 461 2048 Neo
482 2004 533 2046 me
556 1983 641 2046 sinas
662 1984 766 2068 magis
791 2006 857 2049 esse
879 1986 1052 2069 expositam
1077 1986 1187 2051 dolori.

392 2085 455 2150 Fili
476 2087 531 2165 mi,
555 2108 573 2150 o
595 2087 642 2150 fili
664 2089 717 2164 mi,
740 2088 787 2152 fili
807 2089 862 2166 mi,
885 2111 904 2153 o
927 2089 993 2154 fili!

315 2210 366 2248 aas
393 2189 509 2254 Tecum
530 2192 612 2255 mori
634 2193 724 2257 trade
745 2192 835 2272 mihi,
858 2195 898 2258 de
920 2194 999 2259 mihi
1020 2197 1102 2261 mori
1124 2197 1189 2262 fili!

391 2294 439 2359 Ve
459 2296 539 2360 mihi
562 2297 600 2361 de
622 2297 802 2362 dulcissimo
824 2299 1028 2385 piissimoque
1050 2305 1136 2381 nato,

392 2400 471 2466 (lum
492 2402 659 2466 tormentis
680 2403 777 2467 variis
800 2405 968 2470 crudeliter
989 2409 1119 2472 necato!

235 2512 240 2523 '
324 2537 328 2544 ·
391 2506 449 2586 Ve,
472 2529 509 2573 ve
530 2507 611 2572 mihi
632 2507 755 2585 misere,
780 2508 817 2574 de
839 2508 906 2574 filio
928 2510 1042 2576 dilecto
1098 2557 1103 2567 ·

391 2612 505 2678 Geram
527 2635 576 2678 me
599 2614 777 2678 crudelibus
800 2637 884 2680 nuno
905 2617 995 2700 penis
1017 2618 1202 2684 interfecto!

314 2736 366 2773 aso
393 2715 440 2781 Ve
462 2717 551 2796 mihi,
574 2740 612 2781 ve
634 2718 672 2782 de
693 2740 791 2803 puero
813 2741 883 2785 meo
905 2721 950 2785 110
972 2722 1083 2802 000110,

391 2820 484 2886 Novo
507 2844 579 2886 cum
601 2823 756 2906 supplicio
778 2846 942 2909 nunquam
964 2831 1038 2892 ante
1060 2828 1146 2894 viso!

392 2924 419 2990 0
441 2926 485 2990 mi
507 2927 680 3017 unigenite,
703 2951 722 2994 ο
744 2929 965 3015 filigraciose,

392 3029 491 3096 Unice
512 3033 634 3110 matris,
657 3033 748 3099 unice
770 3034 815 3099 mi
837 3039 911 3101 nate
935 3037 1091 3121 speciose;

391 3133 418 3199 Ο
441 3136 544 3219 proles
567 3137 794 3215 amentissime,
819 3162 837 3204 o
859 3162 937 3224 puer
961 3164 1111 3222 amorose,

314 3259 366 3297 aa
392 3237 419 3303 0
441 3240 504 3305 mei
525 3262 654 3326 germen
677 3242 769 3322 uteri,
793 3266 813 3307 o
834 3247 924 3328 pater
945 3245 1101 3331 gloriose!

392 3344 463 3410 dito
484 3344 544 3425 fac,
568 3348 651 3431 quod
673 3347 858 3431 promisisti,
880 3349 1004 3435 meique
1026 3355 1201 3434 recordare,

390 3449 505 3535 Meque
526 3453 620 3517 nimis
642 3454 819 3519 desolatum
841 3455 905 3519 cito·
926 3458 1088 3527 consolare

392 3554 452 3620 Per
473 3558 521 3620 tui
544 3558 625 3622 11011
647 3560 787 3643 corporis
809 3562 1079 3643 resurrectionem,

392 3660 436 3724 Et
457 3665 512 3726 tue
533 3664 636 3728 carnis
658 3669 784 3731 mortue
805 3667 1094 3743 resuscitationem:

313 3782 365 3821 1111
389 3762 474 3830 Nem
495 3767 523 3831 si
545 3769 782 3834 resurrectionis
804 3794 855 3837 me
876 3794 947 3857 spes
969 3795 1034 3838 non
1055 3779 1257 3856 sustentaret,

390 3868 490 3934 Dolor
511 3894 598 3936 meus
621 3874 778 3940 maximus
800 3899 851 3942 me
872 3879 988 3943 centies
1011 3885 1164 3947 necaret«

390 3972 458 4038 Hec
480 3976 583 4041 ethis
606 3977 722 4043 similia
744 3982 880 4064 protulit
902 3983 1014 4064 Maria,

390 4076 469 4144 Cum
491 4080 593 4148 luctus
615 4084 805 4155 misserabili
827 4067 982 4179 plangens
1004 4090 1096 4177 virgo
1118 4093 1180 4177 pia.
