3000 5125
755 295 817 359 232

369 473 460 538 Hanc
482 473 648 537 adorantes
671 477 703 537 et
725 472 755 535 ei
777 471 898 556 gratias
919 475 1062 557 egerunt,

369 578 540 663 Fidemque
562 578 611 642 sui
634 577 692 641 filii
715 576 835 642 Christi
858 580 1051 660 receperunt.

291 918 298 936 ’
343 872 446 980 Quod
472 894 592 969 Maria
617 896 794 969 liberavit
821 894 1010 989 quandam
1037 895 1226 968 feminam.

294 1122 345 1159 0000
372 1104 520 1169 Matrona
543 1105 677 1189 quedam
699 1103 854 1187 phariseis
876 1103 939 1169 fuit
961 1108 1116 1184 accusata,
1142 1154 1145 1160 .

371 1209 415 1274 Et
437 1214 567 1294 propter
588 1210 778 1275 adulterium
800 1209 896 1272 morti
918 1210 1141 1286 condemnata;

373 1314 441 1391 Que
463 1314 599 1380 Mariam
620 1315 789 1380 invocabat
810 1314 886 1379 dum
908 1313 1111 1379 deduceretur

375 1418 428 1483 Ad
450 1424 593 1500 mortem,
616 1425 653 1485 ut
675 1419 833 1503 lapidibus
856 1418 914 1484 hcc
937 1419 1132 1483 obrueretur.

374 1522 490 1595 Statim
510 1527 692 1589 accusantes
714 1545 785 1589 eam
807 1527 903 1588 testes
925 1521 1154 1601 obmutescunt,

299 1647 350 1683 0000
377 1628 421 1691 Et
443 1628 497 1712 qui
519 1629 713 1694 mitebantur
735 1651 805 1693 eam
827 1628 966 1693 occidere
987 1632 1221 1693 mansuescunt.

374 1732 497 1818 Illaque
519 1735 647 1799 dimissa
669 1735 811 1819 gaudens
832 1734 919 1798 venit
941 1735 980 1798 ad
1003 1733 1154 1808 Mariam

376 1838 437 1903 Per
459 1840 561 1923 ipsam
584 1862 659 1904 narn
681 1843 824 1904 evaserat
844 1840 956 1904 mortis
979 1840 1138 1924 agoniam.
1199 1929 1202 1935 Ι

236 2155 339 2240 Quod
368 2156 486 2228 Maria
512 2156 675 2228 liberant
702 2154 889 2249 quendam
916 2154 1113 2229 detentum
1140 2176 1208 2250 pro
1235 2154 1354 2227 furto.

379 2365 512 2448 Propter
532 2362 654 2427 furtum
676 2384 797 2447 pauper
819 2363 946 2448 quidam
969 2364 1147 2427 incarcere
1169 2362 1317 2426 manebat

386 2467 519 2532 Vinctus
542 2470 574 2530 et
596 2470 778 2551 exspectans
798 2470 943 2546 mortem,
960 2489 1022 2532 nec
1044 2467 1140 2531 aliam
1161 2467 1299 2533 habebat

303 2594 353 2629 0000
380 2572 474 2658 Spem
497 2576 570 2653 vite,
594 2573 656 2637 nisi
679 2574 762 2657 quod
785 2573 921 2637 Mariam
944 2575 1126 2657 frequenter
1147 2574 1326 2653 invocabat,

340 2690 345 2701 ‘
380 2678 449 2744 Sibi
471 2703 532 2765 que
554 2678 685 2744 celerius
706 2677 860 2743 auxilium
882 2679 1055 2762 prestabat.

380 2781 465 2848 Nam
486 2788 599 2848 cuncta
621 2806 678 2848 sua
700 2783 826 2848 vincula
847 2806 906 2868 per
927 2807 961 2849 se
983 2782 1198 2863 mirabantur,

382 2887 533 2974 Ostiaque
555 2890 687 2955 carceris
711 2889 944 2974 aperiebantur.

381 2993 440 3059 Ille
462 3017 537 3059 vero
559 2996 715 3060 resolutus
739 2994 819 3058 liber
842 2998 890 3059 est
913 3016 1057 3080 egressus

304 3117 356 3155 0000
383 3100 426 3164 Et
447 3123 480 3164 se
502 3099 571 3164 fore
589 3122 645 3184 per
667 3099 804 3164 Mariam
825 3098 984 3164 salvatum
1006 3104 1054 3165 est
1076 3100 1245 3164 confessus,

274 3397 376 3482 Quod
404 3402 517 3474 multi
542 3402 732 3497 Neophyti
758 3405 944 3474 venerunt
969 3402 1178 3475 Jerusalem
1207 3400 1334 3473 videre

712 3525 883 3597 Mariam.

374 3729 548 3796 'Venerunt
569 3737 645 3798 tunc
660 3733 837 3800 Jerusalem
860 3756 898 3797 ex
919 3734 1068 3818 gentibus
1091 3733 1216 3812 diversi,

385 3835 507 3900 Sanctis
530 3838 570 3902 ab
594 3838 744 3922 apostolis
768 3839 823 3923 qui
845 3838 973 3903 fuerant
996 3837 1148 3917 conversi,

386 3939 553 4025 Cupientes
576 3966 701 4022 cernere
723 3948 866 4008 sanctam
890 3948 922 4009 ct
943 3944 1067 4009 felicem

384 4045 521 4125 Mariam
543 4070 665 4132 semper
687 4049 853 4134 virginem,
878 4050 927 4114 dei
949 4050 1150 4135 genitricem:

258 4163 261 4169 '
300 4170 359 4243 Ι0000
386 4149 430 4216 Et
453 4152 492 4215 ab
516 4174 552 4215 ea
574 4157 760 4236 receperunt
781 4154 1051 4234 confirmationem

386 4256 484 4337 Fidei,
509 4280 604 4341 quam
626 4264 828 4343 susceperant
850 4282 905 4344 per
928 4259 1173 4343 predicationem
1220 4298 1223 4303 ·
1258 4322 1261 4329 ,

387 4360 614 4453 Apostolorum
637 4366 668 4428 et
691 4362 731 4431 ab
755 4387 791 4432 ea
814 4364 919 4431 cuncti
941 4363 1172 4447 confortantur,
