3000 5125
669 386 710 453 87

272 563 408 628 Beatum
430 583 506 647 ergo
529 584 662 646 puerum
684 564 770 628 hunc
793 586 901 628 omnes
924 564 1099 647 adoremus,

188 689 245 727 24⁴⁶
273 669 319 736 Ut
341 670 435 734 deum
457 670 507 734 dei
529 669 633 734 filium
654 670 761 754 ipsum
781 671 983 736 honoremus.

273 774 357 839 Nam
380 775 408 838 si
428 777 708 859 contempserimus
730 776 823 841 nobis
845 777 928 842 hanc
949 776 1099 841 collatam

273 877 415 943 Gratiam
438 900 493 962 pre
514 879 663 964 gentibus
686 879 870 965 cunctisque
892 881 986 945 modo
1009 880 1125 961 datam,

271 982 459 1048 Timendum
481 990 538 1065 est,
561 1007 601 1049 ne
624 986 730 1051 veniat
751 1008 846 1071 super
868 1007 925 1052 nos
947 969 1105 1054 horrenda

270 1087 371 1174 Plaga
393 1091 552 1173 quondam
575 1113 636 1175 que
659 1092 815 1175 percussit
842 1095 1017 1175 postetam
1041 1090 1197 1174 stupenda

189 1212 245 1249 2⁴⁶⁰
273 1193 405 1259 Gentem
426 1195 627 1279 egyptiacam
649 1200 681 1258 et
703 1194 905 1260 Pharaonem
926 1195 1051 1275 stravit,

272 1302 319 1366 Ac
340 1301 374 1365 in
396 1301 478 1366 mari
500 1301 598 1366 rubro
620 1324 713 1365 suum
736 1302 909 1366 exercitum
928 1300 1063 1365 necavit.

137 1537 249 1623 Quod
278 1539 397 1611 omnis
425 1539 530 1633 plebs
558 1538 668 1610 huius
696 1538 862 1611 civitatis
890 1537 1064 1611 adoravit
1090 1536 1233 1609 Jesum.

272 1722 369 1787 Ducis
391 1723 564 1789 Affrodosii
587 1745 765 1789 sermonem
786 1745 858 1788 cum
881 1721 1020 1788 audisset

271 1827 445 1894 Universus
468 1830 605 1913 populus
627 1828 846 1913 infantemque
869 1826 1008 1907 vidisset,

272 1933 449 2000 Flectentes
472 1957 529 1999 sua
550 1956 656 2020 genua
678 1956 711 2000 se
733 1934 840 1999 cuncti
861 1936 1113 2017 prostraverunt,

192 2059 245 2097 24⁶⁶
272 2039 493 2124 Infantemque
515 2040 750 2104 sanctissimum
772 2038 857 2103 hunc
880 2038 1109 2117 adoraverunt3

270 2145 314 2210 Et
335 2145 473 2211 Mariam
495 2146 670 2211 salutantes
693 2146 805 2211 devote
826 2148 1041 2228 susceperunt,

270 2252 318 2316 Ac
340 2251 379 2315 ad
401 2251 488 2335 pacis
511 2252 653 2316 osculum
677 2248 798 2334 Joseph
820 2254 1013 2314 vocaverunt

271 2357 321 2420 Ab
343 2355 555 2441 ipso-Joseph
577 2378 704 2421 causam
726 2356 777 2420 vie
798 2376 854 2419 sue
875 2354 1081 2435 sciscitantes,

267 2460 348 2527 Illuc
370 2484 427 2527 cur
449 2462 611 2528 advenerit
634 2462 675 2526 ab
698 2483 735 2526 eo
760 2462 1004 2545 perscrutantes.

329 2690 470 2784 Joseph
498 2691 667 2763 narravit
696 2712 850 2762 causam
878 2688 938 2762 vie
965 2712 1043 2762 sue.

190 2902 241 2939 arco
268 2880 388 2966 Joseph
411 2885 517 2946 autem
540 2881 695 2945 universis
716 2881 917 2965 presentibus
939 2881 1092 2962 narravit,

227 3022 229 3025 ·
268 2987 349 3052 Illuc
372 3010 428 3052 cur
450 2987 613 3052 advenerit
635 2992 667 3052 et
689 2988 767 3071 ipsis
790 2987 944 3052 revelavit

269 3091 348 3157 Jesu
368 3093 488 3159 Christi
508 3092 568 3156 filii
590 3092 640 3157 dei
661 3092 924 3172 incarnationem,

269 3198 462 3284 Factumque
484 3221 541 3282 per
563 3199 712 3283 angelum
735 3198 1022 3263 annuntiationem.

269 3302 321 3368 Ad
343 3304 481 3368 Mariam
503 3303 660 3388 virginem
682 3303 977 3383 incontaminatam,

191 3428 243 3466 246⁶
271 3407 404 3494 Virique
426 3409 575 3495 contagio
598 3432 762 3494 nunqnam
784 3408 947 3473 violatam.

269 3514 379 3579 Etiam
401 3514 525 3579 edocuit
547 3514 585 3579 de
607 3513 785 3589 nativitate,

269 3618 317 3683 De
339 3620 440 3704 patris
462 3624 495 3684 et
517 3621 554 3686 de
575 3617 636 3683 filii
657 3618 874 3696 coeternitate,

268 3725 394 3804 Dicens,
418 3726 502 3809 quod
525 3725 656 3809 impleta
678 3723 763 3789 foret
785 3724 886 3789 omnis
910 3723 1079 3809 prophetia

269 3829 307 3894 In
330 3831 440 3895 eodem
462 3851 560 3914 puero
583 3833 747 3914 matreque
770 3827 883 3894 Maria.

225 4068 329 4153 Quod
357 4069 511 4163 Egyptii
539 4069 773 4162 collegerunt
798 4066 939 4161 Joseph
967 4067 1146 4162 hospitio,

151 4246 156 4255 ’
191 4272 243 4309 2⁴⁷0
270 4251 350 4318 Cum
373 4256 480 4317 autem
502 4251 560 4316 hee
582 4250 716 4336 Egyptii
739 4249 901 4315 audissent
923 4250 1074 4331 universi,

270 4357 449 4422 Adorantes
472 4379 604 4441 puerum
628 4357 668 4420 ad
691 4356 785 4420 deum
807 4358 883 4419 sunt
904 4355 1066 4433 conversi3

269 4463 313 4528 Et
335 4464 457 4529 cunctis
479 4485 540 4547 que
561 4463 711 4527 docuerat
733 4459 854 4547 Joseph
880 4461 1089 4544 erediderunt,
