3000 5125
635 391 697 459 221

250 567 386 633 Camisia
407 589 479 632 oum
501 568 618 647 trinioa,
640 573 672 634 et
694 591 790 652 supra
811 569 980 653 tegebatur

249 673 411 758 Religioso
433 673 542 757 pallio,
565 696 720 758 suumque
742 673 907 738 velabatur

250 776 353 862 Caput
375 777 445 842 velo
468 777 618 853 caudid03
643 779 697 842 sed
719 777 841 862 proprii
862 777 975 842 coloris

168 900 224 939 «ὑπ
251 882 367 947 Omnes
390 881 456 946 eius
478 885 580 946 vestes
602 885 693 946 erant
715 886 747 946 et
770 881 869 945 debiti
892 882 1021 948 decoris.

250 986 371 1052 Cuncta
393 1009 451 1052 sua
473 988 662 1052 vestimenta
684 1008 848 1070 nunquam
870 991 945 1051 sunt
967 990 1086 1054 adtrita

250 1091 327 1156 Post
350 1114 513 1158 ascensum
534 1091 603 1171 filii,
627 1092 681 1156 sed
704 1095 888 1155 manserunt
910 1091 965 1171 ita,
1072 1179 1074 1183 ,

249 1198 337 1263 Siout
359 1220 396 1263 ea
418 1198 523 1262 induit
545 1197 579 1261 in
602 1196 704 1281 prima
723 1196 876 1276 novitate,

249 1304 293 1368 Et
315 1325 515 1389 nequaquam
535 1302 602 1368 ulla
624 1305 699 1367 sunt
719 1305 907 1385 consumpta
928 1306 1094 1369 vetustate.

244 1621 298 1693 De
326 1620 485 1693 caritate
514 1622 553 1692 et
580 1618 751 1691 bonitate
778 1618 933 1714 virginis
954 1620 1088 1697 Mario.

173 1849 225 1887 asro
251 1828 350 1895 Plena
371 1828 434 1893 fnit
456 1827 588 1893 caritate
612 1849 708 1913 qnam
730 1826 878 1893 omnibns
900 1830 1063 1914 impendit,
1087 1912 1090 1918 ,

250 1934 350 1999 Prout
370 1933 440 2017 ipsa
462 1932 567 2017 potuit
589 1953 626 1997 ao
647 1932 781 1997 dulciter
803 1934 949 1999 ostendit.

252 2037 343 2104 Circa
365 2037 534 2102 tribulatos
557 2040 625 2101 erat
647 2035 785 2100 multum
808 2037 1012 2121 compassiva,

251 2143 309 2210 Pia
330 2144 413 2209 eima
433 2164 589 2227 pauperos
611 2145 644 2206 et
666 2140 843 2206 caritativa.

252 2248 361 2314 Dulois
385 2270 510 2333 quoque
532 2246 726 2312 consolatrix
748 2245 812 2309 fuit
834 2245 1036 2334 afflictorum,

172 2373 225 2411 ⁰⁶⁴⁶
251 2355 295 2419 Et
318 2353 502 2418 auxiliatrix
524 2357 592 2419 erat
615 2352 753 2438 benigna
774 2350 971 2418 miserorum.

251 2458 405 2524 Omnibus
428 2458 597 2525 amabilem
619 2481 653 2523 se
673 2457 786 2522 mitem
807 2460 839 2521 et
862 2457 1006 2522 devotam

190 2566 193 2573 ⁴
251 2567 295 2631 Et
316 2565 554 2632 desiderabilem
577 2562 748 2630 exhibebat
772 2565 884 2628 totam.

251 2670 337 2736 Nam
359 2671 422 2735 fnit
445 2669 629 2744 amicabilis,
653 2667 753 2732 duleis
776 2672 808 2733 et
830 2667 977 2752 benigna,

250 2774 357 2860 Atque
376 2772 565 2840 venerabilis
588 2777 619 2838 et
641 2773 728 2836 omni
750 2772 843 2836 laude
864 2772 981 2856 digna3
1086 2850 1090 2857 Ι

172 2899 224 2937 ⁶⁶⁶0
251 2879 401 2959 Humilis,
424 2876 572 2956 affabilis,
595 2877 743 2961 prudens,
767 2877 951 2957 verecunda,

252 2984 382 3063 Hilaris,
406 2982 593 3062 tractabilis,
615 2981 679 3066 pia,
703 2985 808 3046 mente
829 2983 966 3060 munda3

252 3090 383 3175 Sapiens
405 3094 437 3154 et
460 3088 583 3173 patiens
607 3086 669 3151 fuit
692 3090 725 3152 et
746 3086 870 3170 pudica,

250 3192 289 3260 ln
310 3194 404 3258 bonis
425 3194 518 3258 factis
542 3193 688 3258 omnibus
712 3191 894 3257 hominibus
917 3194 1027 3259 amica.

251 3299 406 3364 Omnibus
428 3298 610 3364 hominibus
634 3298 779 3363 exhibuit
801 3299 963 3378 honorem,

173 3423 233 3461 ⁶⁶⁶⁶*
252 3404 380 3472 Cunctis
403 3427 525 3489 semper
547 3407 698 3489 reputans
720 3426 754 3468 se
776 3403 967 3470 inferiorem.

92 3720 167 3793 Ubi
193 3718 314 3792 Maria
343 3719 448 3813 virgo
475 3719 658 3794 manserit
683 3725 769 3814 post
796 3721 1048 3795 ascensionem
1077 3722 1143 3795 filii
1170 3724 1240 3797 sui.

251 3925 372 3991 Mansit
393 3925 428 3989 in
449 3923 626 3991 Jerusalem
649 3925 809 4011 aliquibus
830 3926 922 3990 annis

250 4029 328 4096 Jesu
349 4034 461 4111 mater,
483 4031 517 4094 in
540 4032 633 4095 domo
656 4029 799 4116 theologi
821 4028 989 4096 Johannis.

251 4135 415 4201 Johannes
436 4135 636 4201 devotissime
659 4135 720 4199 sibi
742 4135 947 4216 ministravit,

250 4241 354 4326 Eique
376 4241 551 4306 necessaria
573 4245 688 4306 cuneta
709 4241 909 4325 procuravit;

172 4365 224 4402 ⁰⁶⁶⁰
252 4344 312 4411 Sed
335 4352 408 4430 post
430 4351 565 4411 mortem
587 4346 742 4431 Stephani
763 4368 835 4411 oum
857 4347 1083 4434 discipulorum

251 4449 312 4515 Est
333 4450 420 4515 faeta
441 4450 616 4536 persecutio
639 4454 671 4514 et
694 4450 836 4514 omnium
858 4473 968 4517 eorum
1042 4539 1043 4542 Ἴ
1095 4489 1096 4493 =
