3000 5125
634 449 696 515 227

245 622 366 701 Ullum,
389 623 444 687 sed
465 622 707 687 mundissimum
730 626 799 687 erat
822 627 917 707 atque
940 626 1075 688 stratum

246 728 294 793 De
316 749 393 812 sago
417 749 510 810 super
532 726 686 790 stramina
708 727 847 810 positum
870 726 1017 807 habebat,

250 834 294 898 Et
315 833 447 897 cervical
470 832 628 896 modicum
650 832 684 894 in
708 854 770 915 quo
793 832 982 916 quiescebat.

248 937 348 1003 Juxta
370 939 486 1002 lectum
509 938 595 1001 locus
619 940 697 1014 erat,
721 959 812 1001 orare
834 935 1052 1021 quo'solebat,

169 1061 221 1100 ⁶⁷³⁶
248 1042 310 1107 Vel
330 1045 364 1106 in
387 1065 450 1127 quo
464 1027 748 1126 'contemplabatur
770 1043 982 1126 scripturasve
1005 1045 1141 1130 legebat,

70 1141 72 1146 ¹
248 1149 293 1213 Et
315 1150 353 1212 ad
376 1152 499 1233 partem
522 1150 656 1212 alteram
677 1149 783 1212 fuerat
804 1149 908 1214 locata

252 1252 356 1332 Sedes,
379 1254 412 1316 in
435 1277 498 1338 qua
519 1253 677 1318 residebat
700 1254 739 1317 ad
763 1275 842 1337 opus
864 1255 922 1318 hec
944 1255 1046 1319 beata.

249 1358 424 1444 Nunquam
446 1364 515 1424 erat
537 1361 639 1424 otiosa
662 1359 774 1439 Maria,
798 1361 852 1425 sed
874 1360 995 1425 intente

250 1465 421 1530 Laboravit
443 1468 475 1530 et
497 1466 609 1543 oravit,
633 1466 681 1530 vel
705 1466 820 1530 devota
841 1470 947 1530 mente

173 1590 225 1627 στω
252 1569 463 1635 Psalmodiam
486 1571 668 1650 ruminavit,
691 1570 742 1635 vel
764 1570 1047 1655 contemplabatur,

251 1674 313 1740 Vel
334 1677 368 1740 in
390 1677 504 1741 mentis
526 1676 627 1740 iubilo
650 1676 866 1741 deliciabatur.

67 2071 70 2076 ⁴
99 1995 154 2068 De
184 1995 299 2089 signis
321 2017 392 2090 que
414 1995 556 2068 fiebant
576 2018 642 2090 per
657 1994 812 2067 Mariam
837 1994 925 2066 dum
946 1994 1068 2067 adhuc
1088 1995 1243 2069 viveret.

255 2204 362 2290 Signis
385 2208 417 2269 et
439 2203 600 2269 miraculis
623 2203 726 2268 Maria
748 2205 823 2268 dum
847 2204 974 2268 vivebat

256 2309 388 2390 Glaruit,
411 2334 472 2396 que
494 2312 639 2375 dominus
662 2333 718 2395 per
740 2312 843 2396 ipsam
865 2310 1059 2388 ostendebat,

257 2416 295 2482 In
317 2417 452 2481 infirmis
474 2417 627 2501 plurimas
650 2417 784 2482 virtutes
807 2416 1062 2495 demonstrando,

179 2541 230 2581 ⁶⁷4⁶
256 2522 361 2608 Egros
385 2526 480 2606 atque
502 2521 619 2586 debiles
642 2522 825 2587 innumeros
847 2522 995 2587 curando.

259 2629 310 2693 Ad
332 2629 437 2713 ipsum
459 2628 542 2693 enim
565 2628 709 2713 languidi
731 2628 824 2693 multi
847 2629 1069 2705 convenerunt,

260 2733 435 2798 Sanitatem
455 2734 623 2817 pristinam
646 2734 701 2818 qni
722 2735 827 2798 cuncti
850 2735 1044 2817 receperunt.

260 2840 356 2904 Multi
378 2840 552 2903 demoniaci
574 2858 631 2922 per
652 2841 755 2924 ipsam
777 2839 979 2917 curabantur,

261 2944 312 3008 Ab
335 2944 469 3008 obsessis
492 2945 638 3008 demones
661 2942 876 3028 ejiciebantur.

183 3069 234 3108 ⁶2⁶0
262 3050 345 3114 Nam
367 3049 469 3113 Mario
491 3051 636 3113 demones
661 3072 773 3114 nomen
798 3049 959 3113 audientes

263 3156 312 3219 Ab
335 3155 469 3219 obsessis
492 3159 695 3234 recesserunt,
712 3154 853 3218 ‘sufferre
875 3177 939 3218 non
963 3152 1101 3217 valentes

262 3262 361 3327 Dulce
383 3282 498 3325 nomen
520 3261 663 3345 virginis,
687 3262 740 3324 sed
764 3260 818 3343 qui
842 3259 1026 3323 restiterunt

263 3367 382 3431 Audito
406 3386 468 3461 suo!
485 3367 621 3446 nomine,
645 3367 772 3430 tandem
795 3365 960 3430 exiverunt

263 3471 313 3536 Ad
337 3473 471 3556 virginis
493 3472 655 3551 intuitum,
678 3471 806 3536 horride
828 3472 1010 3546 clamantes,

186 3598 238 3637 στω
264 3576 379 3642 Videre
400 3577 524 3641 vultum
548 3577 597 3641 dei
619 3577 730 3640 matris
754 3598 818 3640 non
840 3595 931 3659 posse
953 3595 986 3636 se
1009 3576 1170 3636 testantes.

265 3683 342 3747 Tres
365 3683 468 3748 Maria
491 3685 640 3759 mortuos,
664 3703 735 3745 cum
758 3681 847 3759 vixit,
871 3661 1045 3754 suscitavit,

265 3788 350 3865 Quos
373 3788 412 3851 ad
435 3787 533 3850 vitam
557 3787 725 3870 pristinam
748 3786 849 3850 sanos'
863 3780 1031 3847 revocavit.

295 4105 398 4192 Quod
426 4104 545 4178 Maria
572 4104 769 4178 suscitavit
794 4103 914 4174 filium
942 4099 1061 4174 vidue.

271 4317 322 4381 Ad
344 4315 481 4381 Mariam
503 4314 660 4400 virginem
682 4313 770 4378 venit
791 4313 937 4376 eiulando

186 4476 189 4485 ,
270 4422 375 4486 Vidua
397 4421 597 4506 paupercula,
621 4418 708 4483 luctu
732 4417 920 4493 miserando,

195 4548 247 4585 eveo
273 4527 430 4604 Quoniam
453 4526 576 4590 obierat
598 4524 682 4588 filius
704 4523 813 4607 ipsius,

996 4623 1028 4677 15
1041 4623 1055 4653 *
