3000 5125
664 381 727 447 233

190 579 192 584 ·
277 553 470 638 Servareque
491 556 680 621 catholicam
704 556 798 621 fidem
821 555 1045 635 informantur,

279 658 316 723 In
340 660 469 745 eiusque
492 660 649 745 colloquio
672 662 756 726 dulci
779 661 985 741 delectantur,

90 765 95 775 '
200 783 254 821 ⁶⁹¹⁶
280 765 330 830 Ex
352 767 480 850 eiusque
502 768 660 851 presentia
681 767 766 832 bene*
784 766 996 831 consolantur.

278 868 435 955 Multique
458 869 636 937 Jerusalem
658 894 764 937 secum
787 877 1037 956 permanserunt,

278 978 419 1063 Eiusque
441 980 599 1043 consortio
622 1001 655 1043 se
677 976 763 1042 dulci
786 977 1027 1042 coniunxerunt.

279 1081 346 1147 Alii
367 1105 442 1147 vero
465 1083 619 1148 consolati
642 1084 771 1148 domum
793 1083 954 1147 redierunt

278 1188 323 1253 Et
344 1187 480 1253 Mariam
503 1188 688 1274 genitricem
711 1189 761 1253 dei
783 1188 1002 1253 laudaverunt,

119 1425 229 1512 Quod
244 1427 382 1499 Paulus
404 1428 594 1522 apostolus
612 1428 715 1500 venit
728 1426 938 1528 Jerusalem
961 1427 1084 1500 videre
1097 1426 1267 1497 Mariam.

205 1628 255 1664 asro
282 1607 401 1673 Paulus
423 1611 500 1673 tunc
522 1608 683 1692 apostolus
706 1631 725 1674 a
747 1609 874 1674 domino
897 1612 1084 1693 prostratus,

280 1714 324 1779 Et
344 1705 378 1777 in
401 1715 598 1799 evangelium
621 1716 693 1780 fidei
713 1719 852 1794 vocatus,

280 1818 376 1884 Venit
397 1820 432 1883 in
455 1817 631 1883 Jerusalem
655 1819 790 1883 Mariam
813 1820 950 1899 visitare,

280 1925 325 1990 Et
344 1924 452 1990 fideles
476 1923 613 2009 reliquos
635 1925 751 1990 ibidem
775 1925 921 1990 salutare.

279 2029 358 2094 Cum
380 2030 497 2114 gaudio
520 2029 692 2113 suscipitur
713 2029 832 2094 Paulus
856 2052 875 2094 a
897 2029 1009 2109 Maria,

200 2153 251 2191 ⁰⁹2⁶
279 2135 322 2200 Et
345 2159 363 2200 a
386 2135 502 2200 sanctis
525 2135 653 2220 reliquis
676 2156 748 2200 cum
769 2134 872 2199 laudis
894 2134 1089 2219 hymnodia,

277 2240 321 2303 Et
341 2240 449 2305 fideles
472 2241 611 2305 universi
633 2245 709 2305 tunc
732 2239 949 2305 inhabitantes

277 2344 455 2410 Jerusalem
476 2346 667 2411 conveniunt
689 2347 784 2411 nimis
807 2346 985 2411 exultantes

277 2447 423 2534 Apostoli
446 2450 637 2515 sanctissimi
659 2452 698 2515 de
720 2451 934 2530 conversione,

278 2555 322 2620 Et
344 2579 381 2621 ex
404 2556 470 2621 eius
493 2556 576 2621 inter
597 2560 708 2642 gentes
731 2557 953 2642 predicatione.

200 2680 251 2717 ⁶⁹³0
279 2662 328 2725 Ad
353 2663 487 2728 Mariam
510 2665 636 2728 veniens
659 2663 777 2728 Paulus
803 2663 1001 2728 confortatur

276 2765 315 2830 In
337 2766 407 2848 fide,
432 2791 527 2852 quam
550 2773 737 2853 susceperat,
761 2791 819 2833 nec
841 2791 903 2833 non
917 2767 1118 2831 'informatur

278 2871 328 2935 Ab
352 2894 389 2936 ea
410 2874 448 2938 de
469 2875 619 2938 misteriis
642 2873 869 2938 incarnationis

277 2974 322 3040 Et
343 2978 381 3042 de
403 2979 524 3043 cunctis
547 2979 752 3044 sacramentis
776 2978 854 3044 Jesu
876 2979 1042 3062 passionis,

276 3081 383 3166 Atque
406 3085 455 3147 sui
477 3085 617 3169 corporis
640 3083 877 3149 resurrectionis

199 3205 250 3243 ⁰⁹³⁶
277 3188 321 3251 Et
344 3187 383 3251 ad
406 3188 487 3253 celos
510 3189 626 3253 iterum
648 3188 949 3277 transmigrationis.

98 3425 224 3510 Quod
240 3424 361 3499 Lucas
389 3426 537 3520 scripsit
556 3428 793 3521 evangelium
818 3450 864 3500 ex
887 3448 949 3499 ore
969 3426 1124 3520 virginis
1137 3426 1265 3500 Mario.

277 3607 376 3672 Lucas
399 3607 491 3672 Pauli
513 3608 625 3689 socius,
648 3609 704 3693 qui
726 3608 790 3672 fuit
811 3610 846 3677 in
868 3610 928 3673 hac
951 3609 1013 3689 via,

277 3710 392 3777 Omnia
415 3736 475 3797 que
497 3713 581 3778 diota
604 3719 678 3778 sunt
704 3715 742 3779 de
765 3715 889 3798 virgine
912 3713 1015 3778 Maria

278 3819 458 3903 Diligenter
480 3820 610 3884 audiens
632 3820 749 3903 scripto
773 3814 1013 3899 commendarit,

277 3914 321 3987 Et
344 3946 442 3988 unum
465 3925 681 4010 evangelicum
702 3925 821 3989 librum
844 3926 1036 4009 compilavit.

368 4160 473 4246 onoc
500 4163 639 4235 Paulus
667 4163 821 4239 recessit
849 4187 871 4235 a
897 4163 1030 4236 Maria.

199 4362 250 4402 cuo
277 4342 354 4408 Post
376 4343 477 4443 lllarie
499 4345 632 4431 virginis
654 4346 904 4412 benedictionem

277 4448 417 4537 Eiusque
439 4450 625 4518 mellifluam
646 4454 895 4519 consolationem
