3000 5125
665 391 728 456 261

286 565 374 630 »Hoc
396 587 480 629 nunc
502 587 538 630 os
560 587 598 630 ex
620 566 743 632 ossibus
767 570 815 632 est
836 568 914 632 meis
937 572 1150 654 propagatum

281 671 326 737 m
346 661 459 755 corpus
480 671 542 736 hoc
563 672 602 736 de
623 694 753 755 corpore
777 693 846 737 meo
870 677 1068 758 generatum.

280 776 324 841 m
346 778 386 841 ad
409 798 478 841 eam
501 777 547 840 ait
567 775 648 855 Noe,
671 777 792 860 primns
815 777 1016 861 patriarcha:

285 879 370 946 »Hec
392 885 440 946 est
462 880 529 960 illa,
552 903 647 965 quam
670 881 843 961 construxi,
866 881 1011 967 figuralis
1035 884 1139 949 archa.

202 1006 254 1043 mo
280 985 366 1051 Nam
389 987 470 1051 sicut
492 1007 593 1073 genus
615 987 780 1052 hominurn
798 1008 854 1072 per
879 982 1008 1054 archam
1030 993 1078 1055 est
1100 990 1269 1069 salvatum,

281 1090 333 1157 Sic
355 1092 494 1158 seculum
518 1116 574 1176 per
596 1093 754 1179 virginem
777 1098 824 1157 est
846 1094 941 1159 istam
964 1094 1165 1160 liberatum«

280 1196 445 1262 Abraham
468 1199 532 1262 ait:
559 1197 645 1262 »Hec
669 1199 707 1263 de
729 1197 847 1263 lumbis
870 1202 918 1263 est
939 1219 1067 1284 egressa
1089 1201 1175 1279 meis,

280 1301 341 1367 Per
363 1325 459 1387 quam
482 1303 566 1367 salus
589 1302 738 1389 gentibus
761 1302 855 1366 datur
878 1325 897 1366 a
919 1301 1057 1369 dudem«

279 1405 368 1473 lsaac
390 1409 452 1473 ait:
475 1407 542 1472 Hec
565 1413 613 1473 est
635 1407 692 1471 illa
713 1408 806 1491 pellis
828 1407 965 1486 eduliae,

202 1530 255 1568 ms
283 1511 352 1587 Qua
373 1512 475 1579 Jacob
499 1535 586 1578 meus
609 1518 731 1578 texerat
754 1535 877 1592 manus,
901 1535 975 1578 nam
997 1514 1106 1580 divina

279 1617 424 1683 Potestas
447 1619 481 1683 in
503 1618 564 1683 hac
586 1619 710 1703 virgine
732 1617 797 1682 fuit
819 1617 987 1699 occultata,

279 1721 358 1788 Cum
381 1745 436 1807 per
458 1725 508 1789 dei
530 1723 632 1788 filium
653 1724 711 1788 hec
733 1723 796 1787 fuit
818 1724 1049 1808 impregnata«

279 1827 380 1894 Jacob
404 1829 466 1894 ait:
493 1829 579 1894 »Hec
601 1833 649 1893 est
670 1828 727 1893 illa
749 1828 834 1893 scala
858 1851 953 1912 quam
975 1830 1109 1914 respexi,

278 1933 388 1999 delum
410 1936 498 1999 cuius
520 1935 687 1999 summitas
708 1934 872 2020 tangebat,
899 1956 971 1998 cum
993 1935 1078 2000 erexi

201 2056 252 2094 '1⁸0⁰
278 2039 428 2123 Lapidem
450 2040 483 2103 in
506 2040 648 2119 titulum,
671 2060 764 2124 quem
788 2039 856 2104 oleo
880 2039 993 2125 rigavi,

279 2144 356 2210 Cum
380 2148 418 2211 de
440 2146 514 2211 celis
538 2145 687 2231 angelum
708 2146 859 2209 luctando
881 2145 1056 2229 superavi«

276 2250 403 2336 Moyses
425 2252 486 2318 ait:
513 2251 600 2316 »Hec
622 2256 671 2315 est
692 2250 749 2315 illa
771 2251 862 2336 virga
885 2273 947 2335 qua
970 2252 1109 2336 percussi

276 2355 402 2422 Silicem
424 2362 456 2422 et
479 2380 559 2443 aque
581 2358 651 2422 vive
673 2356 807 2421 fluvium
829 2357 933 2436 eduxi,

276 2461 321 2526 st
342 2462 400 2527 hec
420 2468 468 2528 est
490 2461 588 2527 rubus
612 2463 667 2547 qui
690 2484 746 2546 per
767 2463 875 2547 ignem
897 2460 1040 2526 comburi
1062 2461 1252 2544 videbatur,

197 2585 252 2624 ⁷⁸⁰⁵
277 2566 430 2633 Attamen
452 2570 635 2635 nullatenus
658 2567 699 2632 ab
721 2569 797 2653 igne
818 2567 1030 2632 solvebatur«

275 2671 382 2738 Aaron
400 2674 468 2738 ait:
495 2673 581 2738 »Hec
603 2678 651 2738 est
673 2674 765 2758 virga
787 2695 882 2757 quam
905 2672 1027 2737 aridam
1049 2672 1205 2758 ponebam

275 2776 326 2842 Ad
349 2802 436 2844 aram
459 2785 490 2845 et
513 2780 710 2844 fructiferam
733 2778 900 2843 florentem
923 2801 984 2862 que
1006 2778 1181 2844 videbam«

275 2883 379 2950 David
401 2886 500 2950 dixit:
526 2884 614 2950 »Hec
636 2889 684 2949 est
706 2884 763 2948 illa
785 2884 967 2948 dulcissima
990 2882 1094 2949 Maria

276 2987 377 3065 Quam
399 2991 433 3054 in
456 2991 543 3056 omni
566 2990 823 3056 decantavi‘mea
846 2990 1050 3075 psalmodia«

197 3112 248 3150 ⁷⁸1⁰
276 3093 393 3161 lsaias:
417 3096 485 3162 Hec
507 3102 555 3162 est
577 3097 669 3182 virga
691 3097 729 3161 de
751 3097 856 3161 radice
878 3095 987 3176 Yesse,

274 3199 460 3286 Concipiens
482 3207 514 3267 et
536 3202 672 3287 pariens,
696 3206 803 3267 tamen
826 3206 936 3266 tenens
959 3186 1026 3267 esse

274 3305 402 3393 Integre
424 3309 630 3395 virginitatis,
654 3308 692 3374 de
715 3331 778 3393 qna
800 3308 892 3373 nobis
914 3311 1009 3372 natus
1199 3376 1204 3384 ,

275 3412 335 3478 l'lst
355 3436 434 3498 puer
457 3419 552 3498 atque
573 3414 659 3478 filius
683 3419 731 3479 est
753 3414 845 3478 nobis
866 3415 934 3498 ipse
955 3413 1077 3478 datus«

273 3518 445 3585 deremias:
472 3519 558 3584 >Hec
581 3525 628 3585 est
651 3521 742 3606 virgo
765 3542 826 3603 que
849 3519 1003 3585 conclusit
1025 3519 1126 3583 virum

197 3642 249 3680 ⁷⁸1⁶
274 3625 312 3689 In
335 3624 434 3710 ipsius
457 3625 607 3710 virginali
629 3631 750 3703 ventre,
775 3624 859 3708 quod
882 3630 931 3689 est
954 3611 1069 3689 miruin

273 3727 380 3815 Atque
403 3750 520 3793 novum
543 3732 788 3813 superterram,
811 3751 886 3792 nam
908 3728 1011 3812 ipsam
1034 3728 1215 3794 fecundavit

274 3834 359 3899 Deus
381 3839 505 3899 creator
527 3834 669 3899 omnium
692 3837 725 3898 et
747 3854 780 3897 se
802 3832 1015 3897 humiliavit«

275 3938 384 4005 Etiam
407 3939 552 4005 Ezechiel
575 3940 639 4004 ait:
667 3939 753 4004 »Hec
775 3939 892 4025 regalis

274 4045 334 4110 Est
356 4051 450 4130 porta
473 4047 579 4112 olsuss
602 4046 731 4131 iugiter,
755 4067 851 4130 quam
874 4067 929 4109 rex
952 4044 1101 4109 eternalis

195 4167 247 4205 ⁷⁸2⁰
273 4148 474 4235 Ingredietur
496 4158 528 4218 et
550 4152 710 4238 perhanc
732 4151 786 4216 hic
808 4151 1003 4238 egredietur3

274 4253 372 4321 Porta
393 4260 500 4321 tamen
523 4257 629 4323 clausa
652 4280 784 4323 manens
808 4279 871 4323 non
894 4256 1082 4345 aporiatum«

678 4382 696 4422 s

187 4481 257 4538 7789
276 4481 299 4537 G
318 4483 375 4537 und
395 4483 413 4537 Z
433 4482 509 4539 lesen
530 4481 724 4556 ›sing'nlarisc
