3000 5125
782 422 824 488 60

307 613 359 652 1⁵⁷0
384 595 475 662 Tunc
497 597 574 661 deus
597 594 647 660 dei
668 595 755 661 filius
778 599 873 661 natus
895 595 936 661 ab
958 600 1067 661 eterno

385 700 591 766 Concluditur
612 700 647 764 in
669 699 804 785 virginis
826 704 917 765 utere
939 703 1094 766 materne.

383 806 432 870 De
454 806 519 871 suis
541 804 750 892 sanguinibus
773 805 901 870 mundis
923 804 985 870 sibi
1007 806 1160 871 mundam

383 910 517 976 Carnem
539 910 676 994 sumpsit
698 914 731 975 et
751 908 830 974 fecit
852 910 1010 996 virginem
1031 910 1208 976 fecundam.

383 1015 518 1081 Pudoris
541 1016 681 1081 claustra
703 1019 892 1100 permanent
915 1015 1175 1097 incontaminata,

309 1139 360 1178 1⁶⁷⁶
385 1120 512 1186 Intacta
534 1122 625 1207 virge
648 1124 792 1185 remanet
813 1124 845 1187 et
866 1121 1089 1201 immaculata3

383 1225 444 1292 Per
466 1248 574 1292 aurem
597 1225 648 1291 <lei
669 1226 756 1290 filius
779 1227 819 1292 ad
842 1248 912 1291 eam
935 1226 1091 1308 introivit,

382 1331 490 1396 Erec
510 1331 574 1396 sihi
594 1335 743 1396 naturam
766 1331 941 1396 humanam
963 1332 1129 1411 adimivit3

384 1436 423 1500 Iu
446 1437 554 1501 divina
575 1459 633 1501 sua
656 1459 787 1502 manens
809 1441 925 1501 natura
947 1437 1023 1501 deus
1045 1442 1159 1516 rectus,

384 1541 518 1607 Carnem
540 1543 578 1606 de
600 1541 704 1607 Maria
726 1565 853 1608 sumens
875 1543 971 1607 horno
993 1543 1032 1607 fit
1053 1544 1220 1627 perfectus.

305 1666 358 1703 1580
384 1646 489 1711 Maria
510 1647 603 1733 virgo
624 1670 813 1731 permanens
835 1652 926 1712 utere
948 1647 986 1711 fit
1009 1670 1179 1734 pregnans,

383 1750 452 1838 Peru
468 1774 575 1816 aurem
598 1752 778 1835 concipiens
800 1752 904 1832 deum,
927 1752 983 1836 qui
1006 1755 1055 1817 est
1076 1773 1214 1836 regnans

384 1855 422 1921 In
446 1855 522 1934 cele,
546 1855 639 1920 terris
662 1855 750 1921 etin
773 1855 864 1935 mari,
887 1859 1064 1940 cuneisque
1086 1857 1214 1936 creavit,

384 1961 429 2026 Et
451 1984 523 2026 eum
545 1983 658 2026 novem
681 1961 843 2026 mensibus
865 1961 899 2025 in
921 1964 1012 2026 utere
1035 1961 1185 2045 pertavit.

227 2258 331 2343 Quod
360 2262 481 2334 Maria
509 2265 680 2337 ascendit
716 2264 764 2337 ad
792 2264 945 2340 domum
973 2264 1152 2338 Zacharia
1187 2265 1226 2335 et
1261 2262 1381 2335 Elisa·
1487 2341 1489 2344 v

606 2386 695 2459 beth
723 2390 884 2479 cognate
910 2409 988 2458 sue.
1488 2394 1489 2403 ¹

383 2594 461 2662 Post
483 2597 654 2662 discessum
676 2597 783 2682 angeli
806 2596 909 2665 Maria
931 2597 1117 2662 convocavit

305 2717 356 2754 0000
383 2700 521 2766 Matrem
542 2706 639 2786 atque
661 2702 811 2788 virgines,
835 2706 867 2767 et
888 2702 953 2768 illis
976 2703 1138 2771 nuntiavit

384 2805 452 2871 Sibi
471 2830 532 2892 que
554 2830 610 2892 per
632 2809 782 2893 angelum
804 2808 935 2873 fuerunt
956 2809 1114 2888 nuntiata,

381 2910 488 2996 Atque
511 2915 595 2998 quod
617 2913 785 2979 Elisabeth
806 2913 905 2998 ipsius
927 2918 1064 3000 cognata

383 3015 420 3080 In
444 3021 528 3082 etate
551 3022 618 3083 tam
640 3018 733 3083 senili
755 3018 840 3084 feret
861 3019 1072 3104 impregnata,

383 3121 532 3188 Parituru
554 3124 657 3189 filiurn
678 3116 753 3189 iarnx
765 3125 952 3190 inveterata.

305 3245 357 3283 0000
382 3227 471 3312 Ergo
494 3229 586 3314 virge
608 3228 712 3294 Maria
734 3230 872 3314 sumpsit
896 3235 960 3295 tres
982 3229 1118 3309 exiliis,

382 3331 450 3408 Que
472 3356 543 3398 cuin
567 3335 637 3419 ipsa
660 3341 812 3401 venerant
835 3336 1044 3400 sanctissimis
1066 3335 1200 3414 ancillis,

382 3438 427 3503 Et
448 3441 589 3506 ascendit
611 3441 652 3505 ad
673 3445 826 3506 montana
849 3463 946 3526 quam
968 3446 1044 3505 tunc
1066 3439 1235 3505 habitabat

382 3544 502 3609 Eadem
525 3549 662 3630 cognata
685 3568 751 3624 sua,
775 3567 870 3630 quarn
894 3546 1036 3630 gaudens
1059 3543 1229 3621 visitabat3

382 3649 518 3735 Alieque
541 3651 681 3736 virgines
703 3651 871 3735 gaudendo
894 3650 1065 3729 redierunt,

305 3772 356 3811 0000
382 3754 561 3821 Jerusalem
582 3777 643 3840 que
664 3756 751 3821 facta
772 3759 848 3821 sunt
868 3755 991 3820 cunctis
1013 3755 1200 3820 retulerunt.

381 3860 549 3926 Elisabeth
574 3860 757 3927 dulcissima
779 3865 916 3946 cognata
936 3884 994 3926 sua
1016 3861 1085 3925 visa

382 3965 540 4030 Exultans
563 3990 634 4032 cuin
655 3967 760 4032 letitia
782 3966 877 4032 nimis
900 3972 948 4031 est
970 3966 1091 4052 gavisa,

381 4071 426 4151 Et
447 4072 481 4136 in
505 4074 571 4137 eius
594 4078 684 4138 utero
707 4095 787 4157 puer
809 4073 966 4137 exultavit

383 4175 516 4252 Quando
540 4200 628 4242 suam
653 4178 839 4262 genitricem
864 4177 966 4243 Maria
987 4177 1150 4243 salutavit.

305 4303 356 4338 0000
383 4282 516 4348 Clausus
538 4305 669 4347 manens
692 4281 796 4346 adhuc
818 4282 924 4348 infans
946 4283 980 4347 in
1003 4288 1094 4349 utere
1116 4286 1261 4347 materno

382 4388 528 4467 Domina
553 4388 608 4473 qui
631 4392 735 4452 toturn
759 4389 912 4452 mundum
935 4389 1018 4474 regit
1040 4388 1081 4455 ab
1104 4391 1222 4471 etarn0,

382 4491 537 4561 Veniente
559 4493 720 4563 letabatur
742 4493 776 4560 in
799 4493 1002 4573 exultatione,
