3000 5125
668 384 732 470 111

281 579 325 645 Et
348 581 389 645 ab
412 578 592 665 egritudine
614 597 672 642 sua
694 578 878 657 curabatur,

281 685 354 763 'Qua
374 687 440 750 iam
461 685 560 770 longo
582 688 725 769 tempore
746 683 825 748 dure
848 682 1031 747 vexabatur.
1052 749 1055 754 ,

200 810 258 847 4100
284 789 401 855 Statim
420 793 590 875 postquam
612 789 746 875 Abgaro
769 789 940 873 discipulus
963 786 1104 851 Tatheus

283 894 397 959 Mann‘s'
419 894 625 979 imposuerat,
648 901 774 957 omnem
796 913 887 956 susm
906 892 985 956 ‘deus

281 1000 413 1065 Curavit
435 998 648 1085 egritudih'em
668 1003 703 1062 01
723 996 953 1076 infirmitatem,

281 1103 412 1190 Sihique
434 1104 577 1170 restituit
596 1103 724 1188 plenum
747 1102 928 1166 sanitatem.
998 1117 1001 1124 “

282 1208 330 1276 Ut
347 1209 503 1296 cognovit
524 1195 674 1294 Abgarus
694 1219 730 1272 'se
752 1208 821 1272 1010
843 1207 1014 1272 liberatum

201 1333 255 1373 nes
283 1315 334 1379 Ab
355 1316 424 1380 eins
447 1314 625 1401 egritudine
647 1317 816 1397 totumque
838 1317 984 1379 curatum

281 1419 342 1485 Per
364 1421 466 1485 solum
487 1419 724 1503 impositionem
746 1440 898 1482 munuum
921 1417 1045 1495 Tarne,

282 1523 433 1590 Invocato
456 1525 584 1588 nomine
606 1521 683 1587 Jesu
706 1522 767 1587 filii
791 1522 850 1603 dei,

280 1629 482 1694 Exclamavit
504 1632 536 1693 et
556 1627 699 1693 dicebat:
725 1625 840 1692 »Nunc
861 1627 901 1692 de
923 1650 998 1692 vero
1020 1629 1095 1708 seio,

279 1735 370 1812 Quod
390 1735 540 1799 ¹universa
561 1755 636 1799 vera
657 1736 734 1798 sunt
757 1755 818 1818 que
840 1733 1023 1798 dictasunt
1044 1734 1083 1799 de
1104 1734 1159 1817 pio

206 1859 260 1903 ⁴1³0
286 1839 372 1919 Jes'u,
392 1840 446 1905 dei
468 1839 546 1919 ulio,
569 1838 712 1923 mihique
734 1839 845 1918 relate,

282 1946 327 2011 Et
347 1945 383 2009 in
405 1957 456 2009 me
477 1933 632 2009 miraculo
653 1959 772 2029 magno
794 1944 1009 2029 comprobate.

283 2049 367 2116 Nam
389 2050 458 2115 sine
478 2050 686 2115 medicamine
708 2052 837 2114 curatus
860 2071 931 2114 sum
953 2053 986 2114 01
1007 2049 1115 2114 herbis

283 2156 344 2221 Per
366 2156 467 2221 solam
489 2155 726 2239 impositionem
746 2176 860 2219 manus
883 2158 915 2218 01
937 2174 1009 2217 cum
1032 2152 1165 2218 verbis«

282 2260 372 2326 Tunc
393 2260 560 2325 thesauros
582 2260 738 2345 plurimos
761 2258 838 2324 fecit
859 2259 1032 2343 adportari,
1194 2256 1195 2259 '

203 2386 256 2425 000
283 2367 468 2451 Tatheoque
490 2367 644 2451 discipulo
666 2363 742 2431 fecit
764 2388 818 2431 eos
841 2367 920 2430 deri.

281 2471 366 2549 Quos
388 2472 530 2537 'letheus
553 2483 704 2556 respuens
726 2475 841 2536 cuncta
862 2470 1020 2544 recusavit

281 2577 338 2642 Nil
360 2598 397 2642 ex
420 2577 471 2642 his
493 2579 657 2662 accipiens,
681 2578 743 2643 hoe
764 2578 871 2642 dicens
894 2576 1101 2641 exclamavit:

286 2681 425 2747 >Nostra
447 2683 503 2767 qui
523 2681 711 2763 dimisimus,
733 2703 791 2747 cur
812 2682 1021 2766 reciperemus

280 2785 396 2852 Aliena
418 2802 479 2872 que
502 2788 603 2852 vitare
625 2788 731 2871 potius
756 2788 948 2853 debemus&

203 2912 256 2948 ⁴¹⁴⁰
282 2892 327 2957 Et
348 2916 405 2978 per
426 2897 552 2977 tempus
575 2894 696 2978 aliquid
718 2891 1046 2977 manens,predioovit

282 2995 332 3061 Ibi
354 2998 449 3063 fidem
472 2997 550 3063 Jesu
572 2997 692 3063 Christi
712 2996 873 3064 credentes
895 2997 1081 3081 baptizavit,

280 3102 388 3190 Signis
409 3108 443 3168 01
463 3104 626 3169 miraculis
650 3104 761 3170 multis
783 3103 994 3182 confirmarit,

282 3206 440 3273 Universa
462 3230 523 3293 que
546 3210 585 3273 de
606 3207 685 3273 Jesu
706 3209 792 3274 fecta
815 3207 969 3295 recitarit.

446 3527 500 3598 De
528 3528 773 3600 suscitatione
804 3525 947 3601 Lazari.

281 3734 319 3801 ln
340 3735 457 3821 oppido
481 3735 636 3801 Beth'snie
658 3736 784 3821 gemine
805 3736 938 3800 fuorunt

204 3862 256 3898 ⁴1⁴⁵
284 3841 412 3907 Sorores
435 3847 467 3906 et
489 3842 529 3906 he
553 3843 679 3931 domino
702 3842 814 3906 devote
836 3841 1022 3919 servierunt,

281 3946 364 4012 Nam
388 3947 510 4011 sincero
531 3942 654 4011 dulcem
678 3945 788 4011 Jesum
812 3967 919 4009 amore
941 3945 1130 4023 dilexerunt,

282 4051 366 4117 Huic
388 4072 461 4137 sepe
482 4053 659 4117 necessaria
681 4052 783 4116 victus
804 4051 1001 4116 obtulerunt.

282 4156 355 4222 Una
377 4157 515 4237 Martha,
538 4158 661 4242 reliqua
684 4157 787 4222 Muris
809 4158 992 4237 vocabatur,

281 4261 325 4325 Et
348 4265 483 4345 utraque
505 4261 597 4345 diligi
621 4284 640 4325 a
661 4259 747 4335 Jesu,
762 4261 952 4326 merebatur

202 4384 255 4422 41⁶0
281 4364 341 4430 His
364 4366 463 4429 frater
486 4369 555 4429 erat
577 4365 688 4429 unicus
711 4364 848 4429 Lazarus
872 4369 1011 4444 vocatus,

282 4471 400 4535 Amore
420 4491 546 4557 quoque
565 4472 694 4555 speciali
716 4467 795 4535 Jesu
817 4471 992 4554 copulatus.
