3000 5125
675 407 716 473 35

214 598 253 636 ⁸⁸⁶
281 579 348 644 Aut
371 602 484 644 aurum
506 580 590 645 circa
612 580 747 645 sericum
769 581 899 647 retorsit
920 581 1120 664 involvendo,

281 684 348 750 Aut
370 688 519 749 ornatum
542 706 636 768 super
657 684 760 768 pallas
781 685 909 750 induxit
930 688 1118 754 consuendo.

280 789 341 855 Vel
362 788 570 854 sacerdotalia
592 789 668 856 fecit
690 791 890 872 vestimenta,

279 895 340 960 Vel
364 916 458 978 super
480 893 595 958 altaria
617 896 743 977 paravit
768 901 964 961 ornamenta.

280 997 396 1064 Omnia
418 998 521 1063 Maria
545 996 647 1085 Virgo
670 998 746 1064 feeit
767 1001 922 1082 ordinate,

213 1123 253 1162 aa
280 1102 454 1190 Sagaciter,
477 1105 662 1188 composite,
686 1105 832 1170 decenter
855 1110 888 1171 et
910 1112 1032 1173 ornate.

279 1208 420 1294 Vigiliis,
443 1210 569 1274 ieiuniis
592 1213 624 1275 et
646 1210 785 1275 orationi

279 1312 353 1398 Ipsa
375 1337 498 1399 semper
519 1314 706 1381 intendebat
728 1337 765 1381 ac
788 1316 959 1382 devotioni.

263 1630 367 1715 Quod
395 1630 515 1705 Maria
542 1634 646 1729 virgo
674 1635 848 1708 omnibus
877 1637 1015 1711 dilecta
1042 1637 1126 1710 fuit.

280 1840 399 1905 Tamen
423 1839 630 1925 singulariter
652 1840 757 1906 nullas
778 1842 928 1926 speciales

278 1945 420 2012 Tenebat
442 1946 669 2023 observantias,
693 1969 767 2011 suas
790 1969 830 2012 ne
852 1947 974 2013 sodales

213 2071 252 2108 sis
279 2052 485 2118 Perturbaret
508 2051 616 2136 aliqua
638 2051 881 2136 singularitate;

278 2156 484 2222 Communem
506 2156 591 2221 uiam
614 2156 780 2221 ambulans
803 2178 876 2221 cum
899 2159 1071 2243 equalitate

277 2261 417 2327 Multum
440 2261 524 2326 enim
547 2260 609 2325 sibi
633 2261 728 2341 cavit,
753 2283 792 2326 ne
814 2264 1041 2331 scandalizaret

279 2367 452 2433 Personam
473 2389 615 2452 unquam
638 2366 789 2451 aliquam,
812 2368 879 2433 sive
899 2368 1102 2449 molestaret;

277 2471 432 2538 Omnibus
455 2472 624 2538 amabilem
647 2474 806 2539 extraneis
829 2477 862 2539 et
883 2475 968 2539 notis

211 2598 250 2636 ⁸⁵0
277 2579 316 2645 Sc
338 2580 424 2660 fecit,
447 2583 480 2644 et
501 2579 689 2663 placabilem
712 2581 821 2645 amicis
845 2585 876 2645 et
897 2581 1029 2667 ignotis.

277 2684 306 2748 A
329 2685 395 2750 suis
417 2683 577 2750 sodalibus
600 2686 634 2749 in
658 2686 860 2750 veneratione

275 2790 396 2873 Magna
418 2812 542 2873 semper
563 2789 732 2855 tenebatur
755 2794 787 2855 et
812 2791 1023 2857 dilectatione.

275 2892 382 2978 Ipsam
404 2894 610 2980 singulariter
632 2917 740 2960 omnes
760 2895 951 2975 dilexerunt,
1052 2902 1055 2907 ’

276 2998 320 3065 Et
341 3021 412 3064 eam
429 2983 612 3083 'specialiter
634 3003 745 3064 cuncte
767 3005 979 3084 prevenerunt

209 3124 249 3163 ⁸⁶⁵
274 3104 314 3173 In
336 3105 617 3185 benedictionibus,
639 3105 814 3171 dulcedinis
836 3105 966 3187 honore,

274 3210 428 3290 Servitiis,
451 3209 621 3294 obsequiis,
644 3212 838 3291 muneribus,
862 3234 978 3278 amore.

274 3317 465 3400 Exemplum
488 3317 607 3381 bonum
630 3317 671 3381 ab
693 3340 730 3382 ea
753 3322 865 3384 cuncte
888 3322 1091 3403 receperunt;

274 3422 318 3487 Et
339 3445 373 3487 se
395 3422 494 3487 santis
517 3422 659 3488 moribus
681 3424 781 3508 ipsius
803 3427 1026 3501 correxerunt;

275 3525 336 3592 Sed
357 3527 428 3611 ipsa
449 3531 580 3611 propter
601 3528 702 3592 socias
724 3529 770 3593 sic
793 3528 992 3608 anxiebatur,

208 3651 248 3689 ⁸⁶0
274 3632 330 3712 Ut,
353 3632 511 3697 defectum
534 3632 672 3717 aliquem
695 3634 723 3697 si
744 3633 937 3716 patiebatur,

273 3737 369 3803 Hunc
390 3737 548 3803 defectum
569 3736 673 3801 Maria
695 3760 789 3803 suum
812 3739 992 3823 reputabat,

274 3844 327 3923 Et,
349 3843 433 3909 sicut
453 3842 523 3926 ipsa
545 3842 660 3929 potuit,
685 3865 791 3908 secum
813 3844 982 3924 tolerabat,

273 3948 312 4014 ln
334 3947 575 4014 necessitatibus
597 3946 673 4012 huic
694 3949 920 4029 subveniendo,

273 4050 311 4116 In
333 4052 575 4119 infirmitatibus
597 4050 660 4119 sibi
682 4052 856 4117 serviendo.

207 4178 246 4215 ⁸⁶⁵
273 4157 413 4225 Infirmis
436 4180 511 4222 nam
533 4157 696 4223 sororibus
718 4157 831 4222 devote
853 4158 1058 4224 ministrabat

272 4262 311 4328 In
333 4263 461 4348 suisque
484 4262 656 4340 doloribus,
679 4266 717 4326 ut
738 4264 855 4347 potuit,
877 4264 1018 4329 iuvabat.

273 4369 509 4453 Quemcumque
530 4367 612 4437 uidit
633 4367 793 4435 hominem
817 4369 885 4437 fore
907 4369 1106 4447 tribulatum,

271 4473 334 4540 Vel
355 4473 463 4559 aliqua
485 4473 631 4538 molestia
653 4473 754 4538 sensit
776 4474 1012 4555 conturbatum,

359 4576 364 4585 .
1013 4575 1056 4633 3,
