3000 5125
800 355 864 421 260

415 532 506 610 Quod
527 532 689 597 hominem
711 530 878 595 redimeret
900 551 956 614 per
979 550 1070 596 suam
1091 530 1277 612 passionem.

414 638 485 704 Hoc
507 638 624 723 quippe
645 639 751 701 totum
774 635 894 700 fantum
916 638 964 699 est
986 632 1028 698 ob
1050 632 1262 718 dilectionem,

414 743 496 821 Quin
518 765 619 831 genus
641 741 808 807 hominurn
829 744 956 806 tantum
978 740 1126 819 dilexisti,

415 849 505 927 Quod
527 853 619 914 tuum
641 847 843 935 unigenitum
865 846 937 931 plus
959 845 1041 910 mori
1064 846 1204 927 voluisti,

336 975 388 1013 areo
415 954 517 1032 Quam
540 954 624 1039 quod
648 974 748 1038 genus
771 951 937 1017 hominum
960 972 1025 1016 non
1047 951 1263 1035 redimeretur,

416 1062 461 1127 Et
482 1067 538 1127 tue
560 1081 679 1146 magne
700 1060 817 1125 earites
839 1080 904 1124 non
926 1058 1156 1123 extenderetur.

414 1167 504 1253 Ergo
526 1167 619 1231 decus
642 1165 804 1251 virginum
827 1168 859 1229 et
880 1163 985 1250 gloria
1006 1163 1155 1243 celorum,

416 1273 493 1359 Spes
516 1277 548 1337 et
570 1270 760 1337 desiderium
782 1273 814 1336 et
836 1291 925 1335 amor
947 1269 1143 1355 angelorum,

415 1378 654 1463 Meroesatque
676 1375 832 1461 premium
855 1379 887 1439 et
909 1374 1061 1459 gaudium
1084 1378 1277 1454 sanctorum,

338 1504 390 1542 ποῦ
417 1482 510 1548 Salus
533 1486 565 1547 et
586 1481 737 1546 solatium
759 1482 946 1543 cunctorum
968 1479 1144 1558 beatorum,

417 1589 469 1654 Ad
491 1593 582 1652 tunm
604 1586 807 1672 unigenitum
829 1588 974 1649 nostrum
996 1590 1179 1665 ereatorem,

299 1714 301 1718 ·
415 1692 523 1779 Atque
545 1692 595 1756 dei
617 1690 719 1755 filium
741 1689 852 1754 mundi
875 1688 1104 1773 redemptorem

416 1798 518 1885 Perge
540 1797 682 1884 gaudens
704 1798 736 1860 et
759 1795 904 1860 exultans
928 1796 968 1859 ad
990 1795 1130 1859 fructum
1153 1796 1272 1860 ventris
1294 1797 1355 1874 tui,

417 1902 536 1981 Jesum,
560 1906 705 1991 nostrum
727 1901 901 1981 dominum,
924 1907 961 1966 ut
982 1923 1055 1967 oum
1077 1923 1114 1967 eo
1136 1900 1202 1968 frui

341 2029 393 2066 ⁷⁷⁷⁰
419 2007 526 2073 Possis
548 2029 606 2071 sua
627 2006 731 2092 gloria
753 2028 873 2091 suaque
895 2005 1024 2085 visione,

417 2114 462 2179 Et
484 2113 590 2179 totius
606 2111 761 2177 trinitatis
784 2111 1089 2195 eontemplationele

283 2355 405 2427 Maria
432 2353 634 2447 suscipitur
661 2352 709 2424 ab
737 2349 936 2423 animabus
959 2351 1127 2422 omnium
1156 2355 1384 2425 sanctorum.
1480 2367 1481 2420 l

401 2536 642 2603 .Conveuerunt
664 2533 761 2600 etiam
784 2531 888 2598 anime
910 2532 1011 2613 beate,

418 2641 456 2707 ln
479 2642 546 2706 oelo
568 2663 629 2725 que
652 2645 729 2704 tunc
751 2639 879 2704 fuerant
901 2660 973 2703 oum
995 2626 1118 2723 angelis
1141 2640 1241 2704 beate.

418 2747 463 2812 Et
485 2745 621 2810 Mariam
644 2748 849 2827 susceperunt
870 2743 1005 2807 nimium
1026 2744 1210 2828 gaudentes,

340 2871 392 2909 ππ
419 2851 509 2927 Quod
531 2851 614 2915 hane
635 2850 741 2913 videre
763 2852 948 2913 meruerunt
969 2869 1040 2912 eum
1063 2848 1163 2914 iubilo
1186 2850 1342 2918 dieentes:

287 2944 290 2953 ’
420 2954 467 3019 »Ο
490 2954 715 3032 desiderabilis,
738 2953 831 3018 nobis
852 2953 1018 3032 advenisti,

417 3059 520 3137 Quam
542 3060 660 3124 dudum
681 3057 947 3142 exspectavimns3
971 3080 1028 3123 nos
1051 3060 1136 3123 enim
1159 3059 1318 3125 redemisti

416 3164 468 3229 Ex
490 3165 606 3229 inferni
628 3165 768 3228 tenebris
791 3168 823 3228 et
844 3163 987 3228 demonis
1010 3165 1050 3228 ab
1073 3187 1136 3243 ore,

417 3268 549 3334 Necnon
573 3292 592 3332 a
614 3268 784 3353 suppliciis
800 3271 833 3332 et
854 3267 966 3333 mortis
989 3267 1030 3332 ab
1053 3268 1193 3336 horrore.

340 3393 392 3431 ⁷⁷⁸0
419 3373 508 3458 Ergo
531 3374 591 3437 tibi
613 3375 743 3459 gratias,
766 3373 892 3437 laudem
914 3376 946 3438 et
968 3374 1121 3439 honorem

419 3478 598 3543 Referimus
621 3483 653 3543 et
674 3479 822 3563 gloriam,
846 3479 997 3543 virtutem
1020 3483 1052 3544 et
1074 3478 1246 3548 decorem«
1355 3464 1360 3471 ’

419 3583 531 3668 Sisque
553 3585 654 3648 saneti
677 3583 799 3670 singuli
821 3583 964 3668 singulas
987 3589 1152 3650 cantantes
1248 3606 1253 3613 ·

419 3688 520 3754 Mario
542 3690 650 3754 laudes
673 3689 859 3769 adorabant,
882 3711 952 3754 eam
974 3695 1169 3755 venerantes.

263 3925 367 4010 Quod
383 3926 505 3999 saneti
520 3927 762 4019 singulariter
781 3930 1025 4023 susceperunt
1038 3927 1197 3999 Mariam
1211 3927 1387 4020 virginem.

346 4118 349 4123 ’
417 4107 522 4174 Adam
545 4133 619 4175 vero
641 4111 855 4196 protoplastes
878 4111 1014 4176 Mariam
1037 4132 1109 4174 eum
1133 4066 1268 4190 videbat,

340 4233 392 4270 ⁷28⁶
417 4214 575 4279 Exultaus
594 4216 626 4278 in
649 4214 764 4294 letitia,
787 4239 859 4282 eum
882 4217 1001 4301 gaudio
1023 4215 1168 4295 dicebatt

828 4362 846 4402 a

334 4440 402 4497 7757
421 4440 446 4495 G
464 4443 545 4496 tuam
562 4444 639 4496 stett
657 4444 758 4498 totum.
