3000 5125
771 337 834 410 190
857 356 863 368 ·

305 539 357 577 ⁵⁶⁷0
385 516 487 605 Rogo,
512 518 595 603 quod
618 539 669 583 me
690 518 865 584 desolatam
886 515 1027 604 digneris
1048 515 1207 583 consolari

383 623 443 689 Per
465 629 555 688 tuam
577 623 847 702 resurrectionem,
871 646 967 707 quam
990 646 1041 687 me
1062 622 1230 708 prestolari

380 729 528 806 laeseras,
550 749 622 792 cum
644 728 761 813 gaudio
784 750 859 792 nam
881 728 973 793 credo
995 732 1210 793 surrecturum

382 833 463 899 Fore
484 838 517 899 te
537 837 610 918 post
631 833 783 913 triduum,
806 835 976 899 etiterum
998 833 1169 899 visurum

296 1221 301 1228 .
414 1207 416 1210 -
471 1150 650 1223 Planctus
677 1149 863 1222 Johannis
891 1150 1134 1245 evangeliste.

380 1358 587 1444 Evangelista
607 1356 780 1436 lohannes,
805 1358 994 1442 predilectus
1017 1359 1145 1439 Christi,

303 1484 354 1521 ⁶⁰⁷⁶
381 1465 517 1529 Mortem
540 1466 589 1528 sui
612 1463 731 1528 domini
754 1464 843 1527 luctu
865 1464 990 1547 planxit
1011 1465 1115 1543 tristi;

381 1568 520 1633 Tantum
541 1569 626 1632 enim
647 1567 778 1632 fleverat
799 1567 947 1632 lamentis
968 1569 1151 1650 inherendo,

383 1673 473 1750 Quod
496 1694 575 1756 pene
595 1673 662 1736 iam
683 1673 840 1737 defecerat
862 1694 916 1737 cor
936 1673 1004 1738 eius
1028 1674 1211 1760 affligendo⁸
1251 1657 1256 1665 ¹

383 1778 535 1843 Dicebat:
562 1775 639 1856 ›Ve,
663 1798 700 1842 ve
722 1778 847 1854 misero,
871 1798 908 1842 ve
930 1778 1020 1858 mihi,
1043 1801 1081 1844 ve
1102 1779 1165 1845 diei

357 1923 361 1932 ·
381 1882 419 1947 ln
442 1902 505 1967 qua
527 1881 634 1946 dilecti
656 1882 777 1946 domini
798 1886 933 1948 mortem
953 1904 1048 1949 cerno
1069 1884 1149 1949 mai!

304 2005 357 2045 που
383 1985 442 2066 Ve,
465 2009 503 2052 ue
523 1986 614 2066 mihi,
636 1987 689 2070 pie
710 1986 798 2066 Jesu,
823 2010 859 2053 ve
881 1988 1008 2054 domine
1028 1990 1178 2073 preclare,

381 2090 437 2170 Ve,
461 2113 516 2156 cur
538 2093 626 2157 subis
648 2093 826 2176 passionem
848 2094 960 2159 mortis
983 2098 1049 2159 tam
1072 2098 1203 2160 amare?

368 2198 439 2277 ‚Ve,
462 2221 509 2277 ve,
532 2219 633 2283 genus
654 2219 711 2262 cur
732 2198 909 2264 humanum
931 2220 1037 2264 creare
1058 2200 1198 2279 voluisti,

381 2303 460 2367 Cum
482 2325 540 2387 pro
558 2324 599 2367 eo
621 2306 713 2367 tanta
733 2303 819 2367 mala
843 2324 1008 2386 passurum
1030 2308 1063 2368 te
1084 2304 1230 2369 suasu?

378 2407 451 2473 Heu
474 2430 532 2487 me,
555 2429 639 2472 nunc
660 2408 792 2492 impleta
814 2411 898 2487 sunt,
922 2430 983 2492 que
1005 2408 1123 2473 dudum
1145 2409 1321 2492 predixisti,

303 2531 353 2569 ⁶⁸³⁶
380 2512 469 2589 Quod
492 2518 627 2579 mortem
649 2513 731 2579 hanc
754 2535 903 2597 passurus
926 2533 1019 2595 esses,
1041 2514 1133 2580 nobis
1156 2516 1305 2581 retulisti.

379 2618 475 2683 Modo
497 2619 580 2684 bibis
603 2620 731 2684 calicem
753 2641 848 2703 quem
870 2624 902 2683 te
925 2619 1102 2684 bibiturum

378 2722 512 2787 Dixeras
533 2728 566 2788 et
587 2723 678 2788 nobis
700 2745 835 2808 regnum
856 2744 912 2806 per
933 2722 1018 2788 huno
1039 2727 1072 2789 te
1093 2725 1251 2789 daturum.

273 2864 276 2869 ·
378 2828 451 2893 Heu
472 2852 531 2908 me,
554 2850 638 2894 nune
660 2830 818 2914 quomodo
840 2830 908 2893 sine
930 2833 962 2894 te
983 2829 1127 2909 manebo,

379 2933 459 2999 (lum
479 2940 536 2999 tua
557 2934 743 3000 mellifluam
765 2935 942 2999 doctrinam
964 2956 1030 2999 non
1052 2933 1185 3014 habebo,

301 3058 353 3096 seso
378 3037 487 3123 Atque
509 3041 721 3105 consolatione
743 3045 800 3104 tua
822 3061 894 3105 cum
916 3038 1029 3105 carebo

378 3146 422 3210 Et
445 3150 533 3210 tuam
554 3147 641 3229 piam
663 3145 777 3211 faciem
798 3147 894 3212 miser
915 3169 979 3211 non
1002 3146 1138 3211 videbo?

378 3249 463 3316 Nam
485 3254 520 3315 tu
543 3250 624 3315 mihi
644 3255 735 3335 pater
757 3273 826 3315 eras
849 3250 1110 3335 dulcissimaeque
1132 3272 1219 3315 meus

379 3357 533 3444 Magister
555 3361 651 3441 atque
672 3357 829 3436 dominus,
852 3358 992 3422 salvator
1014 3360 1110 3441 atque
1131 3357 1216 3421 deus.

380 3464 450 3548 Ego
473 3484 598 3547 quoque
620 3462 668 3526 fui
690 3463 751 3527 tibi
773 3464 942 3547 preceteris
965 3463 1108 3541 dilectus,

302 3586 354 3625 ⁶⁶⁰⁶
381 3568 425 3632 Et
448 3566 683 3651 precordialiter
706 3590 744 3632 ex
767 3567 914 3633 omuibus
937 3558 1064 3631 electus.

379 3671 505 3738 Secreta
527 3677 582 3739 tue
603 3673 732 3740 deitatis
755 3672 918 3737 ostendere
941 3671 1092 3756 dignatus

378 3779 423 3844 Es
445 3778 535 3855 mihi,
557 3779 633 3863 quia
654 3799 761 3843 coram
782 3799 833 3842 me
854 3780 891 3841 tu
913 3776 1164 3873 transfiguratus·

379 3885 493 3962 Fuisti,
515 3889 603 3949 tuam
627 3884 764 3970 gloriam
786 3883 866 3948 mihi
889 3883 1144 3962 demonstrando,

379 3989 572 4074 Occultaque
594 3989 722 4054 celestia
742 3988 823 4053 mihi
847 3989 1026 4067 revelando,

302 4116 354 4153 ⁵⁷00
379 4095 456 4161 Sero
478 4099 566 4159 teum
588 4116 659 4158 cum
682 4092 868 4160 Paschalem
890 4114 1000 4157 cenam
1023 4094 1219 4179 manducavi,

378 4202 422 4266 Et
442 4222 494 4264 me
515 4221 612 4283 supra
634 4200 723 4264 dulce
744 4203 855 4283 pectus
877 4203 969 4263 tuum
990 4198 1151 4278 reclinavi,

378 4304 479 4381 Quam
501 4309 592 4369 tuum
616 4304 809 4389 proditorem
831 4304 912 4370 mihi
932 4304 1167 4393 demonstrasti,

378 4409 428 4481 Ibi
448 4433 499 4477 me
521 4411 717 4477 dulcedinem
739 4411 903 4477 celestium
924 4409 1053 4499 potasti,
