3000 5125
788 419 830 489 68

387 601 432 666 m
454 603 547 667 deum
568 602 602 664 in
625 599 799 678 virtutibus
822 599 880 664 hec
903 598 1008 664 dicens
1031 597 1252 664 collaudabat:

391 706 483 770 »Tibi
506 706 617 784 virtus,
641 705 745 791 gloria
767 726 902 787 superne
924 703 1101 789 dignitatis,

379 811 492 875 «Decus
514 814 547 875 et
568 811 738 895 imperium
761 814 867 874 eterne
890 809 1076 885 maiestatis,

388 916 437 981 Sit
458 914 529 994 tibi,
552 917 639 995 deus,
662 915 808 980 conditor
830 915 930 978 totius
953 918 1106 992 creature,

310 1039 361 1078 1⁸⁸⁶
387 1020 483 1085 Pater
506 1024 601 1105 atque
623 1018 750 1105 genitor
773 1018 911 1082 humana
932 1019 1088 1104 geniture.

392 1124 438 1191 Te
460 1125 565 1202 laudo,
589 1128 621 1189 te
642 1123 798 1210 glorifico,
822 1127 854 1188 te
876 1124 969 1188 deum
992 1121 1148 1199 adorab03

390 1230 436 1295 Te
458 1233 583 1314 patrem
604 1229 791 1308 honorifico,
814 1233 846 1293 te
869 1250 976 1315 regem
999 1227 1176 1293 exaltabu'

392 1333 477 1398 Nam
498 1333 747 1398 misericordiam
770 1337 806 1397 tu
827 1354 978 1418 magnam
1001 1334 1167 1398 ostendisti

393 1441 485 1520 Mihi,
508 1440 593 1524 quod
615 1462 654 1504 ex
676 1437 823 1504 omnibus
845 1461 897 1503 me
919 1439 1022 1503 solum
1044 1437 1179 1523 elegisti,
1297 1436 1303 1447 '

316 1566 367 1602 1⁸⁴0
395 1545 442 1611 Ut
463 1550 555 1614 tuum
578 1543 780 1629 unigenitum
802 1542 883 1606 mihi
904 1542 1149 1622 commendares,

394 1650 474 1714 Eius
497 1647 749 1713 incarnationem
771 1646 914 1731 mihique
935 1648 1101 1727 revelares,

397 1754 498 1831 Quem
520 1776 558 1817 ex
579 1754 643 1817 ista
665 1753 790 1839 virgine
811 1752 903 1817 video
924 1753 990 1817 iam
1011 1758 1141 1830 natum3

398 1860 561 1943 Gredoque
583 1880 638 1943 per
660 1858 810 1942 spiritum
832 1861 976 1922 sanctum
998 1857 1209 1923 incarnatum.

395 1964 457 2029 Hic
479 1968 527 2029 est
548 1964 603 2028 illo
626 1986 705 2047 puer
726 1966 855 2026 sanetus
878 1984 972 2046 quem
995 1962 1249 2047 patriarcharum

321 2089 371 2127 18⁴⁶
398 2070 545 2134 Visiones
567 2066 847 2153 premonstrabant
868 2072 901 2132 et
923 2067 1042 2151 scripta
1063 2069 1301 2153 prophetarum,

397 2175 459 2239 Hic
480 2179 528 2240 est
551 2174 631 2258 lapis
653 2174 785 2238 visionis
808 2174 877 2258 regi
898 2195 1016 2260 magno
1038 2174 1134 2254 visus,

396 2280 458 2356 Qui
481 2280 543 2344 fuit
565 2280 633 2344 sine
653 2278 801 2344 manibus
824 2280 862 2343 de
884 2279 1046 2344 montibus
1068 2279 1201 2344 excisus.

396 2383 458 2448 Hic
481 2388 529 2449 est
551 2405 679 2467 serpens
702 2405 798 2447 enens
820 2382 854 2445 in
876 2383 999 2467 portica
1020 2405 1199 2467 suspensus,
1230 2379 1234 2387 ’

397 2489 483 2552 Deus
506 2489 601 2553 homo
624 2511 774 2566 summus,
797 2488 890 2568 imus,
914 2510 1029 2573 parvus
1054 2494 1086 2553 et
1108 2489 1280 2554 immensus

319 2615 371 2652 raso
398 2594 459 2658 Hic
483 2595 564 2659 aries
587 2600 635 2660 est
656 2593 822 2659 Abraham
846 2617 904 2678 pro
926 2593 1015 2659 Isaac
1037 2595 1174 2671 oblatus,

400 2700 496 2780 Deus,
520 2700 571 2765 dei
592 2700 678 2763 filius
700 2721 759 2784 pro
781 2700 874 2764 nobis
895 2699 1088 2766 incarnatus.

399 2806 460 2870 Hic
483 2811 531 2870 est
553 2827 604 2869 ros
627 2827 691 2890 quo
713 2805 836 2869 maduit
859 2806 949 2870 vellis
972 2805 1138 2885 Gedeonis,

400 2908 462 2973 Hie
484 2909 569 2994 ignis
592 2913 640 2974 est
662 2930 725 2993 quo
747 2909 878 2973 canduit
900 2911 998 2975 rubus
1021 2910 1161 2975 visionis.

400 3013 462 3078 Hic
484 3018 532 3079 est
554 3014 613 3077 flos
636 3013 692 3096 qui
714 3012 886 3096 pullulavit
909 3014 947 3079 de
969 2998 1078 3079 radice*
1095 3014 1195 3095 Jesse,
1298 3076 1300 3079 .

322 3138 374 3175 aas
401 3118 462 3194 Qui
484 3120 583 3184 totius
606 3118 702 3182 seculi
724 3118 865 3183 salvator
886 3119 980 3184 debet
1001 3142 1078 3185 esse.

400 3223 462 3288 Hic
485 3227 533 3288 est
555 3246 672 3288 manna
694 3224 832 3307 positum
855 3225 889 3288 in
913 3225 1009 3289 archa
1030 3225 1223 3304 testamenti,

401 3326 588 3412 Tabulaque
609 3328 714 3410 Moysi
736 3328 836 3392 divini
859 3329 1049 3395 documenti.

402 3432 464 3496 Hic
488 3434 526 3497 de
548 3432 649 3497 Jacob
672 3434 776 3498 oriens
799 3439 847 3499 est
869 3435 1015 3520 figuralis
1036 3437 1139 3515 stella,

403 3536 464 3611 Qui
487 3560 545 3621 pro
566 3538 685 3603 mundo
707 3544 802 3603 natus
825 3544 872 3604 est
895 3541 933 3604 de
954 3541 1079 3626 virgine
1102 3542 1218 3626 puella,

324 3664 375 3737 isco
403 3642 466 3707 Hic
488 3638 598 3727 estque
621 3644 824 3728 propheticus
847 3667 925 3729 puer
947 3646 1038 3710 nobis
1061 3652 1166 3727 natus,

403 3747 595 3812 Hominibus
618 3753 650 3812 et
672 3748 795 3833 angelis
819 3748 903 3812 filius
925 3755 973 3814 est
995 3750 1098 3817 datus.

403 3853 465 3918 Hic
487 3861 535 3918 est
556 3876 644 3937 puer,
668 3853 726 3917 hee
749 3858 797 3917 est
820 3854 921 3939 virga,
945 3878 1041 3939 quam
1063 3856 1133 3921 fore
1155 3860 1381 3941 concepturam

404 3958 612 4042 Prophetavit
635 3958 734 4023 Isaias
749 3960 790 4023 ¹ot
812 3960 905 4024 deum
929 3962 1114 4044 parituram.

813 4143 831 4182 ’l‘

321 4311 389 4368 1815
408 4312 465 4367 und
487 4312 555 4366 1846
573 4311 668 4366 fehlen
686 4311 717 4365 in
734 4309 768 4363 G.
852 4312 919 4366 1818
936 4312 1067 4367 Walther
1087 4330 1141 4368 von
1160 4312 1286 4368 Rheinau
1303 4315 1346 4378 60,
1363 4315 1398 4369 36

246 4400 331 4457 erin?
593 4406 596 4411 '
689 4422 693 4428 ’
