3000 5125
780 352 823 417 86

230 640 334 725 Quod
356 638 430 709 dux
445 635 664 708 Affrodisius
685 632 832 705 invenit
853 653 1008 726 puerum
1025 628 1049 702 J
1052 653 1155 703 esum
1171 631 1209 700 in
1224 627 1393 721 Templo

558 780 643 830 cum
671 757 792 829 Maria
819 759 942 828 matre
971 778 1050 827 sua.
1481 752 1482 755 ’

309 973 360 1009 2410
387 951 477 1016 'Iunc
500 951 565 1015 dux
587 948 779 1013 Affrodisius
801 945 956 1030 templum
979 946 1132 1025 circuivit,

387 1056 421 1122 Si
445 1056 515 1140 quis
538 1055 615 1119 illuc
638 1053 761 1119 venerit
783 1056 963 1130 extraneus,
986 1050 1126 1135 querivit

387 1161 432 1226 Et
453 1160 577 1248 invenit
600 1158 758 1243 virginem
779 1155 916 1221 Mariam
939 1156 1137 1233 residentem,

387 1266 435 1331 Ac
457 1267 491 1330 in
513 1266 580 1331 eius
603 1265 676 1328 sinu
698 1286 792 1327 suum
813 1283 947 1345 puerum
970 1265 1140 1339 tenentem,

388 1372 519 1437 Diutius
541 1370 678 1435 intuitus
699 1372 836 1433 matrem
859 1372 891 1433 et
913 1367 1080 1445 infantem,

312 1497 364 1534 2⁴1⁵
391 1478 499 1562 Atque
519 1477 645 1542 vultum
666 1475 757 1559 pueri
779 1497 836 1540 ceu
858 1474 944 1539 sidus
968 1474 1155 1538 radiantem.
1221 1537 1222 1540 ,

389 1583 465 1648 Mox
488 1583 528 1647 ad
551 1586 669 1646 terram
691 1581 820 1659 corruit,
845 1580 1001 1644 infantem
1024 1578 1178 1656 adorant,

390 1688 589 1772 Matremque
612 1687 784 1771 suscipIens
806 1686 944 1767 benigne
966 1684 1127 1749 salutavit.

395 1792 588 1858 Universum
610 1793 765 1876 populum
789 1793 828 1856 ad
850 1812 883 1855 se
905 1790 1099 1868 convocavit,

394 1897 476 1983 Ipsis
499 1897 609 1966 Jesum
633 1921 767 1981 puerum
789 1898 846 1962 hec
869 1898 974 1961 dicens
996 1895 1243 1961 demonstravit:

314 2023 365 2059 2⁴20
393 2002 509 2068 Omnes
531 2003 593 2067 huc
615 2003 801 2080 concurrite,
824 2003 938 2080 venite,
961 2004 1139 2085 properate,

390 2107 552 2173 Infantem
573 2108 658 2173 hunc
680 2109 829 2193 suscipite
852 2109 946 2173 deum
968 2109 1114 2172 adorate!

392 2214 453 2278 Hic
475 2218 522 2278 est
544 2213 599 2278 ille
621 2237 699 2297 puer
720 2218 864 2278 nostram
886 2214 941 2298 qui
963 2217 1082 2277 terram
1104 2213 1167 2278 huc
1189 2211 1334 2291 intravit,

392 2320 436 2384 Et
459 2318 578 2384 virtute
600 2342 658 2383 sua
680 2319 754 2384 deos
776 2322 902 2384 nostras
923 2318 1128 2383 conculcavit.

364 2484 366 2488 ,
391 2423 430 2488 Iu
443 2429 624 2509 ¹conspectu
645 2446 703 2489 suo
725 2424 770 2489 dii
793 2428 878 2489 stare
901 2445 965 2489 non
987 2423 1156 2503 audebant,

314 2547 365 2585 4444
392 2527 454 2594 Sed
476 2528 645 2594 confractis
667 2528 761 2594 idolis
783 2528 849 2594 suis
872 2527 1067 2595 recedebant.

391 2634 454 2698 Hic
476 2639 525 2699 est
546 2657 624 2718 puer
646 2635 684 2699 de
707 2656 771 2719 quo
793 2635 884 2699 uobis
908 2655 998 2720 reges
1020 2635 1236 2718 predixerunt,

393 2739 489 2803 Anno
511 2740 567 2823 qui
590 2740 742 2823 preterito
764 2739 930 2824 Egyptum
950 2740 1177 2819 transiverunt,

393 2846 438 2909 nt
460 2866 533 2909 eum
555 2866 627 2909 cum
649 2843 833 2910 muneribus
856 2846 921 2909 suis
944 2845 1158 2929 quesiverunt,

396 2949 442 3014 Et
463 2950 503 3013 ad
526 2971 598 3014 eum
620 2949 713 3014 stella
732 2970 816 3013 nova
838 2950 915 3014 duce
937 2953 1158 3033 pervenerunt,

316 3074 367 3110 2⁴³0
395 3055 438 3119 Et
461 3076 519 3118 uos
541 3054 671 3119 eandem
695 3055 831 3119 vidimus
853 3054 979 3119 stellam
1001 3059 1226 3120 coruscantem.

395 3157 509 3224 Ortum
533 3158 628 3223 huius
650 3158 740 3243 pueri
762 3160 881 3225 mundo
903 3160 1113 3225 nuntiantem.

396 3263 457 3329 Hic
480 3269 529 3329 est
550 3287 630 3348 puer
651 3265 689 3329 de
711 3286 775 3349 quo
797 3265 890 3330 nobis
913 3265 967 3329 ille
993 3265 1196 3350 prophetavit

396 3368 560 3447 Ieremias,
584 3391 679 3454 quem
702 3370 804 3435 Assur
825 3371 865 3434 ad
888 3374 1007 3435 terram
1029 3370 1112 3436 hano
1134 3354 1270 3456 fugavit.

397 3472 464 3537 Hec
487 3477 535 3537 est
557 3473 659 3553 stella,
683 3478 771 3538 vates
793 3480 901 3540 noster
924 3497 1020 3559 quam
1042 3475 1175 3540 Balaam
1198 3475 1352 3539 orituram

316 3580 367 3634 2⁴35
394 3576 580 3642 Predixerat
601 3599 639 3644 ex
661 3577 760 3644 Israel
784 3582 816 3644 et
837 3579 937 3645 Jacob
960 3602 1167 3665 egressuram.

395 3680 458 3745 Hic
480 3686 529 3746 est
551 3704 606 3746 rex
628 3686 660 3746 et
682 3683 840 3762 dominus,
863 3684 915 3749 hic
938 3690 986 3749 est
1009 3708 1088 3769 puer
1110 3685 1173 3764 ille,

396 3786 445 3851 De
467 3807 530 3870 quo
553 3788 646 3852 nobis
669 3789 875 3871 predixerunt
896 3791 1038 3854 carmina
1061 3789 1181 3855 Sibille.

395 3890 460 3958 Iste
481 3915 569 3976 puer,
592 3916 686 3978 quem
709 3895 833 3974 videtis,
857 3896 1003 3987 deusest
1025 3900 1057 3960 et
1080 3895 1185 3974 homo,

394 3995 469 4060 Non
492 3997 566 4062 talis
589 3999 671 4063 siout
692 4000 795 4063 nostri
817 3999 861 4064 dii
884 3999 939 4085 qui
962 4000 1067 4065 iacent
1088 4000 1123 4064 in
1145 4001 1205 4067 hac
1227 4001 1330 4066 domo.

317 4122 368 4158 4444
394 4100 460 4166 Iste
482 4124 560 4186 puer
582 4104 658 4168 deus
681 4107 738 4183 est,
763 4127 880 4189 rexque
902 4110 1094 4191 regnaturus

396 4206 457 4271 Per
479 4212 583 4271 totum
607 4208 715 4273 orbem
737 4231 854 4274 novam
876 4211 979 4296 legem
1001 4212 1182 4296 mundoque
1204 4213 1344 4277 daturus.

395 4312 491 4376 Hunc
512 4311 668 4377 infantem
690 4314 814 4397 peperit
836 4316 928 4402 virgo
951 4317 1019 4381 sine
1041 4321 1142 4401 patre,

395 4417 567 4506 Ipsumque
589 4421 665 4485 deus
688 4420 801 4506 genuit
822 4420 856 4487 in
879 4423 945 4488 celo
970 4423 1038 4487 sine
1059 4426 1171 4487 matre.

1481 3948 1483 4031 I
