3000 5125
632 405 696 473 243

248 586 309 651 Per
331 608 438 651 omnes
459 585 570 649 mundi
593 586 745 650 terminos
770 589 801 650 et
824 606 876 649 ecs
899 583 1129 670 transportavit

248 692 309 756 Per
332 714 405 756 aera
427 690 613 770 Jerusalem,
637 695 669 756 et
691 690 787 755 simul
808 691 976 755 collocavit

250 795 335 862 Ante
357 797 440 862 fores
463 797 519 861 ubi
541 795 618 861 Jesu
641 797 750 861 mater
765 797 959 875 morabatur,

249 901 357 987 Atque
379 926 471 967 suurn
494 904 666 967 transitum
687 903 752 967 iarn
774 902 1018 987 prestolabatur.

171 1025 224 1063 ⁷2³⁰
249 1005 397 1092 Apostoli
419 1030 452 1073 se
473 1012 585 1072 mutuo
607 1008 749 1073 videntes
772 1008 981 1085 mirabantur,

250 1111 412 1189 Quomodo
434 1114 640 1178 convenerint
662 1117 694 1178 et
715 1113 811 1176 nimis
834 1111 1026 1190 letabuntur,

251 1216 452 1284 Alterutrum
474 1218 558 1303 quod
580 1219 715 1285 invicem
736 1241 803 1283 sese
826 1211 1088 1303 conspexerant,'

253 1322 332 1387 Cum
355 1322 461 1387 osculo
483 1323 687 1407 suscipientes
709 1345 743 1387 se
765 1323 993 1387 salutaverunt.

251 1428 340 1493 Tunc
362 1426 525 1494 Jobannes
548 1451 567 1492 a
589 1428 692 1493 Maria
715 1429 843 1492 domurn
865 1428 990 1493 exiebat
1055 1477 1059 1486 ,

174 1552 225 1589 ⁷2³⁶
252 1534 296 1598 Et
319 1538 392 1599 ante
414 1533 497 1599 fores
519 1538 728 1620 congregatos
753 1531 911 1618 apostolos
933 1532 1070 1611 videbat,

122 1629 124 1632 ⁵
251 1638 336 1716 Quos
358 1661 429 1704 cunr
452 1639 532 1705 vidit
554 1640 728 1704 maximum
750 1639 903 1724 gaudium
926 1637 1078 1722 concepit,

252 1744 297 1810 nt
318 1745 358 1809 ad
381 1746 466 1829 pacis
489 1745 630 1809 osculum
653 1744 797 1831 singulos
820 1744 965 1828 suscepit.

251 1849 304 1914 llli
326 1874 401 1916 vero
424 1874 443 1916 a
465 1849 612 1916 Johanne
634 1873 689 1915 cur
711 1851 864 1927 venerint,
890 1849 1064 1934 querebant

253 1955 298 2020 Et
319 1957 472 2021 adventus
495 1957 544 2020 sui
567 1978 693 2021 causam
716 1957 756 2020 ab
779 1958 849 2039 ipso
871 1953 1112 2040 cognoscebant.

176 2079 228 2117 ⁷24⁰
257 2059 344 2144 Ergo
367 2060 495 2125 domurn
518 2059 557 2123 ad
579 2059 716 2124 Mariam
738 2059 857 2144 pariter
879 2060 1043 2123 intrabant

183 2215 187 2222 .
254 2165 298 2229 Et
319 2189 389 2258 eam
410 2165 500 2230 flexis
523 2165 658 2260 genibus
681 2186 788 2229 omnes
812 2164 995 2228 adorabant.

149 2483 253 2571 Quod
272 2483 390 2557 Maria
416 2484 545 2580 gavisa
572 2484 695 2557 estin
724 2484 889 2556 adventu
917 2484 1185 2579 apostolorum.

253 2695 356 2789 Maria
377 2697 469 2781 virgo
492 2695 609 2761 lectulo
632 2697 821 2761 decumbens
845 2717 916 2759 curn
938 2695 1077 2772 vidisset,

188 2844 189 2847 =
253 2801 344 2879 Quod
367 2802 406 2865 ad
428 2824 521 2866 suurn
544 2803 667 2866 cbitrnn
690 2805 792 2867 omnis
815 2800 1012 2865 convenisset

252 2904 479 2991 Apostolorum
502 2906 683 2987 multituda,
706 2907 820 2992 spiritu
844 2905 1020 2992 gaudebat;

175 3030 227 3068 ⁷2⁴⁶
253 3009 337 3075 Nam
359 3034 379 3075 a
400 3033 457 3075 suo
479 3011 547 3076 filio
569 3013 771 3076 transmissos
793 3011 851 3075 hos
875 3010 1002 3075 sciebat,

255 3113 404 3200 Singulos
427 3117 598 3201 suscipiens
621 3118 758 3202 benigne
780 3115 940 3194 salutavit,

256 3220 300 3286 Ut
322 3221 451 3305 propius
474 3223 656 3287 accederent
678 3223 717 3286 ad
739 3245 808 3286 earn
830 3220 1013 3305 postulavit.

256 3325 399 3411 Ipsisque
420 3348 477 3410 per
500 3328 641 3393 ordinem
664 3332 778 3392 cuncta
800 3327 961 3404 revelavit,

255 3430 322 3507 Que
344 3431 429 3497 filius
451 3434 656 3515 mandaverat
679 3438 711 3497 et
733 3455 785 3498 eos
808 3437 884 3496 tunc
906 3431 1041 3517 rogavit,

178 3556 230 3593 ⁷2⁵0
255 3535 303 3601 Ut
325 3559 438 3623 corpus
461 3541 528 3603 cius
551 3540 754 3618 custodirent,
777 3539 838 3603 hoc
859 3560 899 3602 ne
921 3538 1094 3620 raperetur,

257 3640 325 3706 Nec
347 3666 366 3705 a
387 3641 497 3708 Judeis
519 3644 625 3728 irnpiis
647 3643 722 3708 huic
743 3641 938 3720 illuderetur,

257 3746 301 3810 Et
322 3771 423 3832 usque
445 3749 528 3813 diem
549 3748 680 3813 tertium
701 3748 781 3811 illud
804 3748 1016 3826 observarent,

256 3849 407 3916 Necnon
430 3852 490 3917 hoc
511 3852 714 3917 custodiendo
736 3855 828 3915 nocte
850 3836 1046 3935 vigilarent'

145 4170 201 4244 De
227 4173 382 4265 planctu
409 4170 664 4266 apostoloram
691 4170 730 4241 in
758 4170 865 4242 obitu
893 4169 1009 4244 Mario
1036 4173 1202 4267 virginis.

259 4380 405 4475 Apostoli
419 4379 529 4445 -Marie
551 4379 662 4444 matris
684 4377 855 4443 discessum
878 4378 1038 4445 audientes

179 4505 231 4543 usu
258 4484 415 4571 Ceperunt
437 4508 544 4550 omnes
567 4483 735 4564 lacrimari,
759 4484 946 4569 plangentes
969 4488 1000 4547 et
1023 4483 1177 4549 dicentes:

983 4588 1015 4643 16
1024 4587 1038 4617 '⁶
