3000 5125
646 390 709 457 223

177 580 235 620 6666
261 561 300 627 In
321 563 416 629 huius
439 564 532 628 domo
554 564 689 630 Mariam
711 564 875 631 lohannes
897 565 1073 644 collocavit,

262 668 306 734 Et
328 667 415 754 Syon
437 661 656 735 habitaculum
679 671 740 736 sibi
763 670 955 756 preparavit,

262 770 383 838 Cuncta
404 774 579 840 necessaria
600 774 662 840 sibi
684 776 891 861 procurando,

260 876 327 964 Ipsi
350 878 439 944 velut
460 874 586 946 domine
608 903 663 946 sue
685 882 904 947 ministrando.

164 1193 275 1280 Quod
303 1195 494 1271 Johannes
520 1197 711 1293 profectus
738 1202 799 1272 est
824 1198 872 1271 ad
899 1197 1178 1294 predicandum.

261 1404 396 1493 Sumpta
416 1406 633 1475 benedictione
654 1407 819 1474 lohannes
841 1408 879 1475 de
900 1408 1004 1482 Maria

182 1529 236 1567 6666
262 1511 312 1575 Ad
336 1512 508 1579 docendum
532 1513 626 1579 fidem
649 1512 770 1580 Christi
792 1512 952 1598 profectus
974 1518 1023 1579 est
1045 1514 1079 1579 in
1101 1515 1163 1593 via,

262 1617 307 1682 Et
328 1639 361 1682 se
383 1618 446 1682 cito
469 1641 668 1683 reversurum
691 1619 807 1684 iterum
829 1620 985 1704 promisit,

261 1719 331 1787 Hoc
353 1722 459 1808 ipsum
481 1724 509 1789 ei
532 1722 635 1788 Maria
658 1723 793 1789 sollicite
813 1723 979 1789 commisit.

262 1826 315 1891 Ab
337 1827 413 1893 hinc
435 1850 511 1913 ergo
532 1827 611 1894 Jesu
633 1833 735 1895 mater
756 1829 790 1893 in
813 1830 907 1894 domo
929 1828 1015 1915 Syon
1036 1827 1165 1908 mansit,

146 1997 148 2000 .
263 1932 370 1998 Donec
391 1956 448 2018 per
470 1936 718 2020 assumptionem
739 1936 777 2000 de
800 1935 861 2001 hoc
882 1936 1001 1999 mundo
1023 1933 1149 1998 transit.

81 2097 87 2107 .
183 2057 236 2095 6666
263 2036 340 2102 Fuit
361 2037 406 2103 ibi
428 2062 630 2124 perseverans
652 2040 686 2104 in
709 2039 861 2119 oratione,

263 2140 323 2208 Vel
344 2144 379 2208 in
400 2144 470 2229 iugi
492 2167 653 2209 sacrorum
674 2143 831 2210 librorum
852 2144 996 2223 lectione,

263 2246 331 2313 Aut
353 2249 549 2335 eloquiorum
572 2250 621 2315 dei
645 2250 860 2330 meditatione,

263 2352 324 2419 Vel
345 2355 479 2440 legendo
501 2355 709 2439 psalmodiam
729 2376 804 2436 cum
825 2354 1000 2433 devotione,

263 2458 450 2545 Secretaque
472 2461 600 2526 celestia
622 2460 672 2525 vel
695 2459 980 2545 contemplabatur,

183 2583 236 2623 6666
263 2563 323 2632 Vel
345 2566 477 2652 spiritus
498 2566 532 2630 in
555 2567 655 2632 iubilo
677 2590 802 2633 sursum
825 2566 996 2646 ferebatur,

263 2667 322 2735 Vel
344 2693 497 2735 manuum
518 2670 665 2754 operibus
688 2672 838 2736 insistens
861 2671 1037 2736 laborabat.

262 2773 314 2841 Sic
336 2773 468 2841 abonis
491 2775 614 2841 actibus
636 2799 800 2861 nunquam
823 2776 881 2842 hec
903 2775 1057 2853 vacabat3

153 2947 156 2953 ,
266 2880 383 2968 Angcli
405 2883 534 2948 cottidie
556 2883 594 2948 de
616 2882 690 2948 celis
712 2882 932 2961 mittebantur,

264 2986 401 3053 Mariam
422 2988 648 3074 benignissime
670 2986 725 3072 qui
747 2986 1003 3064 consolabantur,
1193 3057 1197 3064 ,

186 3112 238 3150 6666
264 3093 309 3158 Et
330 3094 477 3159 celestem
498 3094 528 3160 ei
550 3117 662 3179 panem
686 3094 869 3179 frequenter
891 3092 1110 3177 deportabant,

266 3199 312 3265 Ac
333 3199 433 3284 ipsius
453 3200 602 3285 spiritum
624 3201 658 3264 in
681 3200 739 3265 deo
762 3199 994 3265 confortabant.

142 3501 289 3597 Regula
317 3501 429 3575 beate
455 3500 610 3596 virginis
638 3501 842 3575 secundum
870 3523 986 3596 quam
1002 3499 1109 3605 'vixit
1134 3499 1221 3594 post

459 3623 712 3698 ascensionem
738 3623 808 3697 filii
834 3622 904 3696 sui.

266 3830 370 3900 Maria
391 3832 453 3900 sibi
474 3835 618 3922 regulam
640 3833 754 3899 statuit
776 3832 903 3897 vivendi

266 3940 310 4007 Et
332 3940 391 4006 sub
414 3942 551 4026 quodam
575 3940 685 4006 ordine
707 3939 765 4003 deo
788 3937 952 4002 serviendi.

266 4046 351 4112 Nam
373 4070 393 4111 a
414 4047 681 4131 noctislempore
702 4045 781 4109 hore
805 4044 960 4108 matutine

189 4172 241 4209 6616
268 4150 403 4219 Psalmis
426 4157 458 4219 et
480 4151 619 4218 orationi
640 4149 767 4216 vacavit
787 4149 845 4214 hec
868 4148 983 4226 divine,

268 4256 376 4344 Usque
394 4256 473 4324 ¹dum
495 4260 560 4323 iam
582 4257 719 4322 oriretur
741 4255 817 4334 dies,
841 4258 873 4318 et
895 4255 954 4319 hec
975 4253 1055 4317 hora

266 4365 297 4430 Α
320 4366 412 4432 nobis
435 4390 496 4451 que
518 4364 694 4450 vulgariter
721 4363 837 4427 dicitur
858 4359 1003 4434 Aurora3

267 4472 357 4539 'I'unc
378 4495 411 4537 se
434 4471 519 4535 dedit
542 4468 582 4534 ab
605 4468 665 4532 hac
687 4468 768 4532 hora
791 4462 999 4545 meditationi,
