3000 5125
725 318 737 344 .
766 277 829 343 216

302 470 354 509 6666
382 450 409 517 O
432 452 572 538 genitrix
595 451 780 530 castissima,
803 474 822 515 o
844 435 937 536 virgo
956 452 1105 537 gloriosa,

378 558 466 623 Licet
486 578 591 621 meum
614 557 711 621 fuerit
734 578 848 639 corpus
871 557 1085 627 adtractatum

381 663 410 727 A
433 661 573 739 diversis,
597 661 723 745 quando
747 660 810 725 fuit
831 666 934 725 morte
956 663 1207 728 condemnatum.

380 767 499 831 Tamen
522 787 646 830 sacrum
668 787 781 849 corpus
804 769 906 845 tuum,
930 766 1112 831 claustrum·
1127 773 1240 853 partus
1264 772 1341 851 mei,

380 871 454 936 Non
477 872 591 956 patiar,
616 871 700 955 quod
723 871 893 955 quicquam
915 871 973 935 fiat
992 869 1172 939 indecenter
1195 875 1246 953 ei;

302 997 353 1034 6666
382 975 443 1042 Sed
467 977 551 1061 quod
574 980 610 1068 tu
633 997 741 1039 secura
764 976 816 1054 sis,
840 975 971 1062 indigne
994 999 1033 1041 ne
1056 978 1212 1055 tracteris,

381 1082 461 1146 Tam
484 1103 614 1165 corpore
636 1103 731 1164 quam
756 1072 870 1144 anima¹
883 1078 917 1145 in
940 1081 1041 1147 celum
1064 1084 1266 1150 assumeris«

382 1186 442 1250 His
465 1185 557 1250 dictis
579 1184 768 1249 valefaciens
791 1186 886 1248 matri
910 1186 1088 1251 benedixit:

385 1290 454 1357 »Sit
477 1289 537 1357 tibi
560 1313 622 1377 pax
645 1293 677 1354 et
699 1288 862 1373 gaudium,
885 1312 904 1355 o
927 1290 980 1378 pia
999 1295 1138 1370 materie
1164 1294 1257 1361 dixit.

436 1613 539 1699 Quod
567 1611 738 1685 dominus
766 1611 933 1685 ascendit
960 1612 999 1684 in
1031 1613 1163 1686 celum.

384 1822 469 1887 Hinc
492 1818 638 1884 omnibus
662 1817 823 1901 discipulis
846 1818 993 1883 manibus
1016 1820 1127 1885 levatis

309 1948 360 1985 6666
387 1926 579 1993 Benedicens
602 1925 648 1987 ait
670 1923 732 1988 eis:
758 1921 892 1988 »Pacem
914 1925 1098 1991 habeatis!‹

386 2032 437 2097 Sic
459 2031 588 2095 elevatis
611 2028 758 2093 manibus
782 2028 815 2091 in
838 2030 939 2112 celum
961 2030 1132 2112 ferebatur,

386 2136 576 2219 Cunctisqne
598 2132 779 2197 videntibus
802 2155 926 2197 sursum
949 2135 1142 2214 vehebatur3

384 2240 423 2306 In
440 2225 585 2303 ‘humano
608 2258 737 2320 corpore
760 2236 823 2299 fuit
845 2238 994 2317 elevatus,

385 2346 430 2410 Et
452 2345 486 2407 in
509 2344 558 2409 dei
580 2342 680 2427 patris
704 2342 754 2406 sui
776 2342 905 2407 dextera
926 2342 1058 2409 locatus,

308 2472 359 2508 0⁴⁰0
385 2450 424 2515 In
447 2449 573 2515 deitatis
596 2449 699 2533 gloria
721 2448 804 2512 celos
827 2447 880 2512 hic
901 2450 1050 2527 ascendit,

386 2554 476 2632 Quod
498 2554 594 2618 homo
616 2552 699 2617 foret
722 2557 817 2638 atque
840 2554 915 2617 deus
938 2554 1044 2638 palam
1066 2554 1118 2619 hic
1140 2557 1288 2621 ostendit.

387 2659 448 2725 Sed
470 2681 542 2724 cum
564 2659 599 2721 in
622 2680 694 2722 aera
715 2658 780 2722 iam
802 2681 926 2722 sursum
950 2660 1140 2724 ascendisset

387 2766 434 2830 Ac
457 2765 596 2828 elevatus
619 2763 745 2847 longius
769 2787 788 2826 a
810 2767 895 2826 terra
916 2763 981 2827 iam
1002 2763 1123 2844 fuisset,

388 2871 439 2934 Ab
462 2891 569 2933 eorum
593 2868 691 2931 oculis
713 2890 770 2950 per
792 2867 907 2932 nubem
931 2872 978 2932 est
1000 2874 1173 2952 susceptus,

226 2962 227 2965 '
291 2995 361 3061 ¹aas
390 2974 479 3048 Quod
503 2972 622 3036 iamin
645 2962 716 3035 eum
740 2971 835 3055 dirigi
858 2994 922 3035 non
945 2974 1051 3055 potuit
1074 2979 1218 3059 aspectus

387 3078 632 3161 Discipulorum
656 3080 728 3159 post
751 3099 823 3139 eum
846 3099 917 3140 cum
940 3078 1148 3169 admiratione

389 3183 504 3248 Oculos
526 3182 758 3263 intendentium
781 3185 812 3246 et
834 3182 1081 3265 stupefactione3

387 3289 448 3353 Sed
471 3289 554 3351 ecce!
578 3288 656 3350 duos
677 3308 779 3373 prope
799 3290 919 3350 stantes
943 3289 1073 3371 angelos
1097 3289 1244 3354 viderunt

360 3454 364 3461 .
391 3393 530 3458 Vestitos
554 3392 636 3455 albis
657 3392 806 3470 vestibus,
829 3391 893 3455 illis
916 3393 971 3475 qui
994 3392 1183 3458 dixeruntt'-

312 3517 363 3554 sno
391 3498 450 3561 »in
473 3498 574 3561 celum
597 3497 673 3580 qnid
696 3495 845 3578 aspicitis,
871 3496 929 3559 viri
953 3494 1090 3561 Galilei?

389 3600 470 3677 Quid
493 3622 548 3664 vos
571 3598 773 3662 admiramini
796 3599 833 3663 de
855 3599 940 3663 facto
963 3599 1023 3663 filii
1046 3594 1121 3666 dei?

388 3707 473 3772 Nam
496 3705 605 3780 Jesus,
631 3705 685 3788 qui
709 3709 890 3788 assumptus
914 3711 960 3769 est
984 3729 1002 3769 a
1026 3706 1115 3770 vobis
1137 3706 1189 3770 hio
1210 3708 1245 3770 in
1268 3708 1373 3788 celum,

391 3810 510 3874 lterum
533 3810 577 3874 sic
599 3809 704 3874 veniet
727 3810 768 3874 ob
790 3810 950 3875 iudicandi
972 3812 1082 3891 zelum,

390 3915 660 3991 Quemadmodum
683 3914 807 3979 vidistis
831 3915 915 3979 hunc
938 3916 1039 3980 celum
1064 3917 1294 3999 ascendentem,
1321 3928 1326 3939 ’

278 4045 281 4049 ’
312 4043 363 4078 ens
389 4020 441 4086 Ita
462 4043 518 4084 vos
542 4018 689 4083 ridebitis
711 4016 804 4083 illum
826 4021 1033 4087 venientem«

389 4126 456 4190 Heo
482 4126 621 4189 videntes
644 4125 783 4189 universi
806 4126 898 4190 deum
922 4126 1097 4190 adorabant

391 4231 527 4305 Etcum
551 4252 668 4326 magno
691 4231 791 4295 iubilo
815 4233 921 4305 laudes
944 4232 1001 4297 deo
1025 4214 1152 4304 dabant.
