3000 5125
692 381 755 446 141

221 570 278 609 4⁰⁶⁰
303 552 364 618 Illa
386 554 479 619 nobis
502 555 622 620 sufficit
646 557 800 650 ambobus
823 556 863 620 ad
886 556 1086 636 manendum,

303 658 340 724 In
365 682 401 724 ea
424 659 484 724 tibi
505 660 718 744 principatum
741 682 864 726 mecum
886 661 926 726 do
948 662 1128 726 tenendum.

381 976 550 1071 Epistola
576 999 691 1070 quarn
719 978 910 1073 rescripsit
936 978 961 1051 J
963 1002 1057 1053 esus.

302 1182 394 1250 Jesus
417 1189 524 1250 autem
545 1183 620 1249 huic
641 1186 781 1251 scribens
804 1187 971 1271 epistolam
993 1188 1116 1253 remisit

304 1291 410 1376 Atque
432 1292 494 1356 sibi
516 1292 686 1357 sanitatem
707 1293 897 1358 mittendam
919 1294 1100 1378 repromisit

305 1394 347 1459 Ei
367 1418 424 1480 per
447 1396 635 1481 discipulum
658 1418 752 1482 quem
768 1397 829 1461 sibi
845 1392 1087 1463 transmissurus

221 1519 276 1556 4⁰⁶⁶
302 1501 404 1579 Esset,
428 1501 513 1565 hunc
536 1502 591 1586 qui
613 1502 682 1566 loco
704 1502 754 1565 sui
776 1500 860 1566 foret
882 1506 1060 1567 curaturus.

303 1602 364 1669 Sed
387 1609 420 1669 et
440 1606 499 1670 hec
521 1606 656 1691 epistola
678 1612 820 1672 tenorem
843 1606 928 1671 huno
950 1607 1100 1688 habebat,

302 1708 404 1786 Quam
426 1709 520 1775 Jesus
543 1710 688 1776 Christus
712 1712 843 1797 Abgaro
867 1713 936 1798 regi
959 1712 1182 1779 rescribebat«

303 1814 372 1880 >Tu
394 1837 427 1880 es
448 1816 526 1881 felix
547 1821 579 1888 et
601 1818 722 1897 beatus,
745 1839 820 1882 narn
842 1817 876 1881 in
898 1840 949 1882 me
970 1815 1140 1899 credidisti,

301 1920 421 1986 Tamen
444 1921 508 1985 tuis
531 1921 630 1987 oculis
652 1945 817 2007 nunqnam
839 1945 890 1988 me
912 1923 1030 2004 vidisti,

221 2046 275 2081 ⁴⁰⁶⁰
302 2024 383 2102 Quia
406 2028 444 2091 de
464 2049 524 2108 me
539 2028 693 2110 scriptum
716 2031 777 2107 est,
802 2027 886 2112 quod
908 2029 942 2092 in
964 2051 1015 2093 me
1040 2029 1133 2093 multi
1154 2030 1292 2111 credent,

303 2130 364 2208 Qui
375 2155 539 2217 nunquam
551 2137 657 2198 tamen
669 2155 719 2198 me
730 2133 877 2199 viderunt
892 2134 945 2198 sed
964 2133 1053 2199 hide
1071 2157 1122 2199 me
1138 2135 1294 2215 recedent,

303 2235 362 2312 Qui
385 2260 436 2302 me
461 2238 607 2303 viderunt
629 2238 737 2317 oculis,
762 2238 800 2302 de
821 2238 882 2302 hoc
905 2238 989 2322 quod
1012 2243 1048 2303 tu
1061 2231 1235 2324 scripsisti,

192 2393 195 2398 .
303 2340 349 2407 Ut
370 2343 410 2406 ad
432 2347 465 2407 te
488 2343 627 2407 venirem
649 2363 708 2428 ego
731 2363 854 2407 necnon
875 2343 1027 2427 petivisti,

304 2445 349 2513 Ut
370 2469 390 2511 1
411 2450 468 2511 tuo
489 2450 522 2510 te
543 2447 698 2532 languore
720 2468 873 2528 curarem,
896 2447 989 2513 debes
1012 2448 1101 2529 scire,

100 2572 103 2581 ·
222 2571 275 2608 40⁶⁵
301 2549 383 2615 Mihi
405 2552 490 2639 quod
513 2575 577 2617 non
599 2552 747 2617 convenit
766 2575 850 2617 nuno
872 2552 912 2618 ad
935 2557 967 2618 11
990 2553 1115 2631 venire;

302 2656 386 2721 Nam
409 2658 489 2723 illud
511 2660 550 2723 ad
574 2660 657 2743 quod
680 2658 795 2724 missus
818 2682 888 2724 sum
904 2663 1051 2744 opportet
1066 2680 1294 2739 consummare,

302 2764 345 2827 Et
367 2785 440 2828 cum
462 2764 523 2828 hoc
545 2765 716 2848 implevero
739 2764 812 2828 volo
835 2786 974 2829 remeare

300 2866 351 2932 Ad
373 2868 476 2949 deum,
500 2890 519 2933 a
541 2891 604 2955 quo
626 2869 741 2933 missus
764 2893 843 2949 11111,
867 2870 906 2934 de
927 2870 1011 2950 celis,
1035 2875 1158 2955 patrem
1173 2892 1291 2950 meum,

301 2970 481 3037 Creatorem
503 2974 655 3053 omnium,
679 2975 841 3039 dominum
865 2978 897 3040 et
919 2975 1021 3040 deum.

131 3162 134 3171 .
220 3094 274 3132 4⁰⁷⁰
301 3074 360 3141 Sed
383 3100 455 3143 curn
478 3083 662 3162 assumptus
680 3078 769 3144 fuero
792 3080 950 3164 quendam
972 3072 1033 3146 tibi
1056 3081 1192 3158 mittam,

301 3182 352 3247 Ex
373 3184 451 3248 meis
475 3184 636 3268 discipulis
658 3185 769 3271 illique
792 3186 998 3266 committam,

301 3287 347 3354 Ut
369 3288 556 3373 languorem
578 3292 669 3353 tuum
691 3295 781 3355 curet
803 3295 834 3356 et
856 3291 1085 3371 infirmitatem,

301 3392 437 3478 Tibique
460 3395 610 3459 restituat
631 3418 689 3479 per
710 3418 761 3460 me
783 3399 983 3461 sanitatem«

214 3711 319 3798 Quod
347 3713 519 3808 Abgarus
546 3738 612 3788 rex
639 3717 795 3790 curatus
822 3717 896 3788 fuit
922 3738 988 3812 per
1015 3714 1213 3792 Tatheum.

299 3920 392 3988 Jesus
415 3929 522 3989 autem
545 3925 730 4010 adimplevit
752 3924 835 3989 hano
857 3927 1097 4010 promissionem

219 4046 271 4084 ⁴0⁷5
300 4026 401 4104 Quam
423 4030 491 4113 ipse
513 4031 582 4115 regi
604 4031 721 4095 fecerat
743 4036 816 4115 post
839 4032 1063 4097 ascensionem.

298 4131 383 4198 Nam
406 4157 505 4199 unum
527 4158 563 4199 ex
588 4136 750 4220 discipulis
774 4138 902 4237 nomipe
925 4135 1082 4203 Tatheum

298 4238 350 4305 Ad
371 4239 526 4325 Edyssam
550 4243 711 4307 civitatem
733 4243 864 4308 mittens
887 4244 980 4307 iussit
1002 4264 1084 4322 eum,

299 4340 346 4409 Ut
368 4345 434 4410 eius
457 4348 656 4433 evangelium
679 4346 724 4412 ibi
746 4348 922 4432 predicaret

298 4448 342 4516 Et
364 4452 524 4518 credentes
547 4452 581 4516 in
604 4475 676 4518 eum
698 4457 827 4518 cunctas
852 4453 1029 4538 baptizaret
1120 4524 1125 4533 ,
