<?xml version="1.0" encoding="UTF-8"?>
<!DOCTYPE html PUBLIC "-//W3C//DTD XHTML 1.0 Transitional//EN"
    "http://www.w3.org/TR/xhtml1/DTD/xhtml1-transitional.dtd">
<html xmlns="http://www.w3.org/1999/xhtml" xml:lang="en" lang="en">
 <head>
  <title>
</title>
<meta http-equiv="Content-Type" content="text/html;charset=utf-8" />
  <meta name='ocr-system' content='tesseract 3.04.00' />
  <meta name='ocr-capabilities' content='ocr_page ocr_carea ocr_par ocr_line ocrx_word'/>
</head>
<body>
  <div class='ocr_page' id='page_1' title='image "./vitabeatevirgin02vggoog_0116.png"; bbox 0 0 3000 5125; ppageno 0'>
   <div class='ocr_carea' id='block_1_1' title="bbox 810 517 873 585">
    <p class='ocr_par' dir='ltr' id='par_1_1' title="bbox 810 517 873 585">
     <span class='ocr_line' id='line_1_1' title="bbox 810 517 873 585; baseline 0 -1"><span class='ocrx_word' id='word_1_1' title='bbox 810 517 873 585; x_wconf 77' lang='lat'>104</span> 
     </span>
    </p>
   </div>
   <div class='ocr_carea' id='block_1_2' title="bbox 345 689 1387 4485">
    <p class='ocr_par' dir='ltr' id='par_1_2' title="bbox 422 689 1291 781">
     <span class='ocr_line' id='line_1_2' title="bbox 422 689 1291 781; baseline -0.012 -19"><span class='ocrx_word' id='word_1_2' title='bbox 422 696 536 762; x_wconf 80' lang='lat' dir='ltr'>Coram</span> <span class='ocrx_word' id='word_1_3' title='bbox 559 719 595 761; x_wconf 90' lang='lat' dir='ltr'>eo</span> <span class='ocrx_word' id='word_1_4' title='bbox 618 695 852 781; x_wconf 74' lang='lat' dir='ltr'>congaudentes</span> <span class='ocrx_word' id='word_1_5' title='bbox 875 692 1045 759; x_wconf 87' lang='lat' dir='ltr'>hincinde</span> <span class='ocrx_word' id='word_1_6' title='bbox 1068 689 1291 766; x_wconf 77' lang='lat' dir='ltr'>discurrebant,</span> 
     </span>
    </p>

    <p class='ocr_par' dir='ltr' id='par_1_3' title="bbox 345 797 1186 989">
     <span class='ocr_line' id='line_1_3' title="bbox 345 797 1186 883; baseline -0.011 -15"><span class='ocrx_word' id='word_1_7' title='bbox 345 821 397 858; x_wconf 76' lang='grc'>0000</span> <span class='ocrx_word' id='word_1_8' title='bbox 423 801 613 867; x_wconf 78' lang='lat' dir='ltr'>Exultantes</span> <span class='ocrx_word' id='word_1_9' title='bbox 635 804 668 866; x_wconf 91' lang='lat' dir='ltr'>ct</span> <span class='ocrx_word' id='word_1_10' title='bbox 689 801 824 865; x_wconf 76' lang='lat' dir='ltr'>letantes</span> <span class='ocrx_word' id='word_1_11' title='bbox 846 799 921 864; x_wconf 85' lang='lat' dir='ltr'>huic</span> <span class='ocrx_word' id='word_1_12' title='bbox 943 797 1186 883; x_wconf 86' lang='lat' dir='ltr'>applaudebant.</span> 
     </span>
     <span class='ocr_line' id='line_1_4' title="bbox 424 903 1180 989; baseline -0.008 -17"><span class='ocrx_word' id='word_1_13' title='bbox 424 906 514 972; x_wconf 83' lang='lat' dir='ltr'>Circa</span> <span class='ocrx_word' id='word_1_14' title='bbox 536 906 647 971; x_wconf 83' lang='lat' dir='ltr'>Jasum</span> <span class='ocrx_word' id='word_1_15' title='bbox 669 906 859 970; x_wconf 84' lang='lat' dir='ltr'>residentem</span> <span class='ocrx_word' id='word_1_16' title='bbox 881 926 948 970; x_wconf 89' lang='lat' dir='ltr'>sese</span> <span class='ocrx_word' id='word_1_17' title='bbox 971 903 1180 989; x_wconf 81' lang='lat' dir='ltr'>deponebant,</span> 
     </span>
    </p>

    <p class='ocr_par' dir='ltr' id='par_1_4' title="bbox 423 1003 1266 1309">
     <span class='ocr_line' id='line_1_5' title="bbox 425 1003 1168 1095; baseline -0.007 -16"><span class='ocrx_word' id='word_1_18' title='bbox 425 1014 470 1079; x_wconf 79' lang='lat' dir='ltr'>Et</span> <span class='ocrx_word' id='word_1_19' title='bbox 492 1012 531 1077; x_wconf 88' lang='lat' dir='ltr'>ad</span> <span class='ocrx_word' id='word_1_20' title='bbox 553 1015 673 1077; x_wconf 88' lang='lat' dir='ltr'>tactum</span> <span class='ocrx_word' id='word_1_21' title='bbox 697 1011 796 1095; x_wconf 87' lang='lat' dir='ltr'>ipsius</span> <span class='ocrx_word' id='word_1_22' title='bbox 820 1010 953 1075; x_wconf 87' lang='lat' dir='ltr'>nimium</span> <span class='ocrx_word' id='word_1_23' title='bbox 976 1003 1168 1095; x_wconf 78' lang='lat' dir='ltr'>gaudebant.</span> 
     </span>
     <span class='ocr_line' id='line_1_6' title="bbox 423 1113 1266 1203; baseline -0.008 -21"><span class='ocrx_word' id='word_1_24' title='bbox 423 1118 588 1203; x_wconf 82' lang='lat' dir='ltr'>Lingendo</span> <span class='ocrx_word' id='word_1_25' title='bbox 611 1138 737 1202; x_wconf 90' lang='lat' dir='ltr'>quoque</span> <span class='ocrx_word' id='word_1_26' title='bbox 758 1139 871 1181; x_wconf 89' lang='lat' dir='ltr'>manus</span> <span class='ocrx_word' id='word_1_27' title='bbox 894 1115 972 1181; x_wconf 85' lang='lat' dir='ltr'>Jesu</span> <span class='ocrx_word' id='word_1_28' title='bbox 994 1113 1266 1191; x_wconf 82' lang='lat' dir='ltr'>deosculabantur,</span> 
     </span>
     <span class='ocr_line' id='line_1_7' title="bbox 424 1220 1188 1309; baseline -0.008 -21"><span class='ocrx_word' id='word_1_29' title='bbox 424 1223 630 1309; x_wconf 81' lang='lat' dir='ltr'>Extergendo</span> <span class='ocrx_word' id='word_1_30' title='bbox 654 1223 746 1306; x_wconf 84' lang='lat' dir='ltr'>pedes</span> <span class='ocrx_word' id='word_1_31' title='bbox 768 1244 841 1287; x_wconf 89' lang='lat' dir='ltr'>suos</span> <span class='ocrx_word' id='word_1_32' title='bbox 864 1221 923 1286; x_wconf 88' lang='lat' dir='ltr'>hos</span> <span class='ocrx_word' id='word_1_33' title='bbox 946 1220 1188 1286; x_wconf 88' lang='lat' dir='ltr'>venerabantur.</span> 
     </span>
    </p>

    <p class='ocr_par' dir='ltr' id='par_1_5' title="bbox 349 1325 1387 1728">
     <span class='ocr_line' id='line_1_8' title="bbox 349 1325 1279 1400; baseline -0.008 -7"><span class='ocrx_word' id='word_1_34' title='bbox 349 1348 400 1384; x_wconf 78' lang='grc'>0000</span> <span class='ocrx_word' id='word_1_35' title='bbox 427 1328 495 1393; x_wconf 84' lang='grc' dir='ltr'>Ηο0</span> <span class='ocrx_word' id='word_1_36' title='bbox 517 1330 625 1394; x_wconf 90' lang='lat' dir='ltr'>omnia</span> <span class='ocrx_word' id='word_1_37' title='bbox 646 1329 883 1393; x_wconf 89' lang='lat' dir='ltr'>cumhomincs</span> <span class='ocrx_word' id='word_1_38' title='bbox 906 1328 1049 1392; x_wconf 80' lang='lat' dir='ltr'>viderent</span> <span class='ocrx_word' id='word_1_39' title='bbox 1071 1325 1279 1400; x_wconf 88' lang='lat' dir='ltr'>mirabantur,</span> 
     </span>
     <span class='ocr_line' id='line_1_9' title="bbox 426 1431 1162 1518; baseline 0.003 -22"><span class='ocrx_word' id='word_1_40' title='bbox 426 1432 471 1496; x_wconf 83' lang='lat' dir='ltr'>Et</span> <span class='ocrx_word' id='word_1_41' title='bbox 492 1433 531 1497; x_wconf 88' lang='lat' dir='ltr'>de</span> <span class='ocrx_word' id='word_1_42' title='bbox 552 1434 653 1518; x_wconf 79' lang='lat' dir='ltr'>signis</span> <span class='ocrx_word' id='word_1_43' title='bbox 676 1454 773 1517; x_wconf 89' lang='lat' dir='ltr'>puere</span> <span class='ocrx_word' id='word_1_44' title='bbox 795 1432 919 1497; x_wconf 88' lang='lat' dir='ltr'>diversa</span> <span class='ocrx_word' id='word_1_45' title='bbox 941 1431 1162 1517; x_wconf 86' lang='lat' dir='ltr'>loquebantur.</span> 
     </span>
     <span class='ocr_line' id='line_1_10' title="bbox 427 1531 1387 1624; baseline -0.01 -22"><span class='ocrx_word' id='word_1_46' title='bbox 427 1537 586 1603; x_wconf 84' lang='lat' dir='ltr'>Dixerunt</span> <span class='ocrx_word' id='word_1_47' title='bbox 609 1538 757 1624; x_wconf 84' lang='lat' dir='ltr'>quidam:</span> <span class='ocrx_word' id='word_1_48' title='bbox 780 1560 859 1623; x_wconf 88' lang='lat' dir='ltr'>puer</span> <span class='ocrx_word' id='word_1_49' title='bbox 880 1537 933 1603; x_wconf 93' lang='lat' dir='ltr'>hic</span> <span class='ocrx_word' id='word_1_50' title='bbox 956 1538 1007 1606; x_wconf 87' lang='grc'>10]</span> <span class='ocrx_word' id='word_1_51' title='bbox 1030 1558 1143 1622; x_wconf 86' lang='lat' dir='ltr'>magus</span> <span class='ocrx_word' id='word_1_52' title='bbox 1166 1539 1214 1600; x_wconf 85' lang='lat' dir='ltr'>est</span> <span class='ocrx_word' id='word_1_53' title='bbox 1235 1532 1286 1597; x_wconf 89' lang='grc'>001</span> <span class='ocrx_word' id='word_1_54' title='bbox 1308 1531 1387 1595; x_wconf 85' lang='lat' dir='ltr'>deus.</span> 
     </span>
     <span class='ocr_line' id='line_1_11' title="bbox 426 1638 1226 1728; baseline -0.001 -22"><span class='ocrx_word' id='word_1_55' title='bbox 426 1642 511 1707; x_wconf 87' lang='lat' dir='ltr'>Alii:</span> <span class='ocrx_word' id='word_1_56' title='bbox 534 1665 591 1708; x_wconf 87' lang='lat' dir='ltr'>nec</span> <span class='ocrx_word' id='word_1_57' title='bbox 612 1638 729 1728; x_wconf 81' lang='lat' dir='ltr'>magus</span> <span class='ocrx_word' id='word_1_58' title='bbox 748 1649 797 1708; x_wconf 91' lang='lat' dir='ltr'>est</span> <span class='ocrx_word' id='word_1_59' title='bbox 818 1665 876 1708; x_wconf 89' lang='lat' dir='ltr'>nec</span> <span class='ocrx_word' id='word_1_60' title='bbox 897 1644 983 1722; x_wconf 74' lang='lat' dir='ltr'>derra,</span> <span class='ocrx_word' id='word_1_61' title='bbox 1006 1644 1061 1708; x_wconf 89' lang='lat' dir='ltr'>sed</span> <span class='ocrx_word' id='word_1_62' title='bbox 1084 1641 1226 1709; x_wconf 89' lang='lat' dir='ltr'>Hebrcus</span> 
     </span>
    </p>

    <p class='ocr_par' dir='ltr' id='par_1_6' title="bbox 406 1734 1249 1835">
     <span class='ocr_line' id='line_1_12' title="bbox 406 1734 1249 1835; baseline -0.005 -23"><span class='ocrx_word' id='word_1_63' title='bbox 406 1734 410 1741; x_wconf 43' lang='lat'>⁵</span> <span class='ocrx_word' id='word_1_64' title='bbox 429 1747 563 1824; x_wconf 79' lang='lat' dir='ltr'>Quidam</span> <span class='ocrx_word' id='word_1_65' title='bbox 585 1754 676 1833; x_wconf 86' lang='lat' dir='ltr'>pater</span> <span class='ocrx_word' id='word_1_66' title='bbox 698 1749 765 1814; x_wconf 89' lang='lat' dir='ltr'>eius</span> <span class='ocrx_word' id='word_1_67' title='bbox 790 1753 838 1814; x_wconf 88' lang='lat' dir='ltr'>est</span> <span class='ocrx_word' id='word_1_68' title='bbox 860 1754 892 1814; x_wconf 86' lang='lat' dir='ltr'>ct</span> <span class='ocrx_word' id='word_1_69' title='bbox 914 1754 993 1835; x_wconf 90' lang='lat' dir='ltr'>aput</span> <span class='ocrx_word' id='word_1_70' title='bbox 1015 1771 1072 1814; x_wconf 88' lang='lat' dir='ltr'>nos</span> <span class='ocrx_word' id='word_1_71' title='bbox 1096 1748 1249 1824; x_wconf 86' lang='lat' dir='ltr'>moratur,</span> 
     </span>
    </p>

    <p class='ocr_par' dir='ltr' id='par_1_7' title="bbox 352 1852 1190 2045">
     <span class='ocr_line' id='line_1_13' title="bbox 352 1852 1187 1941; baseline 0 -24"><span class='ocrx_word' id='word_1_72' title='bbox 352 1870 403 1910; x_wconf 77' lang='grc'>0000</span> <span class='ocrx_word' id='word_1_73' title='bbox 430 1852 595 1938; x_wconf 87' lang='lat' dir='ltr'>Faberque</span> <span class='ocrx_word' id='word_1_74' title='bbox 616 1855 782 1941; x_wconf 79' lang='lat' dir='ltr'>lignarius,</span> <span class='ocrx_word' id='word_1_75' title='bbox 806 1856 867 1920; x_wconf 89' lang='lat' dir='ltr'>hac</span> <span class='ocrx_word' id='word_1_76' title='bbox 889 1860 957 1921; x_wconf 89' lang='lat' dir='ltr'>arte</span> <span class='ocrx_word' id='word_1_77' title='bbox 981 1858 1187 1920; x_wconf 88' lang='lat' dir='ltr'>sustentatur.</span> 
     </span>
     <span class='ocr_line' id='line_1_14' title="bbox 429 1957 1190 2045; baseline 0.001 -23"><span class='ocrx_word' id='word_1_78' title='bbox 429 1957 519 2022; x_wconf 77' lang='lat' dir='ltr'>Circa</span> <span class='ocrx_word' id='word_1_79' title='bbox 543 1981 612 2023; x_wconf 90' lang='lat' dir='ltr'>sero</span> <span class='ocrx_word' id='word_1_80' title='bbox 635 1959 765 2023; x_wconf 87' lang='lat' dir='ltr'>domum</span> <span class='ocrx_word' id='word_1_81' title='bbox 787 1983 865 2045; x_wconf 83' lang='lat' dir='ltr'>puer</span> <span class='ocrx_word' id='word_1_82' title='bbox 885 1960 938 2025; x_wconf 91' lang='lat' dir='ltr'>hic</span> <span class='ocrx_word' id='word_1_83' title='bbox 960 1961 1190 2037; x_wconf 89' lang='lat' dir='ltr'>revertabatur,</span> 
     </span>
    </p>

    <p class='ocr_par' dir='ltr' id='par_1_8' title="bbox 430 2063 1292 2361">
     <span class='ocr_line' id='line_1_15' title="bbox 430 2063 1292 2150; baseline 0 -24"><span class='ocrx_word' id='word_1_84' title='bbox 430 2063 475 2126; x_wconf 85' lang='lat' dir='ltr'>Et</span> <span class='ocrx_word' id='word_1_85' title='bbox 496 2063 601 2146; x_wconf 90' lang='lat' dir='ltr'>ipsum</span> <span class='ocrx_word' id='word_1_86' title='bbox 624 2066 726 2129; x_wconf 90' lang='lat' dir='ltr'>omnis</span> <span class='ocrx_word' id='word_1_87' title='bbox 747 2067 922 2131; x_wconf 90' lang='lat' dir='ltr'>multitudo</span> <span class='ocrx_word' id='word_1_88' title='bbox 943 2067 1070 2131; x_wconf 87' lang='lat' dir='ltr'>leonum</span> <span class='ocrx_word' id='word_1_89' title='bbox 1092 2065 1292 2150; x_wconf 88' lang='lat' dir='ltr'>sequebatur,</span> 
     </span>
     <span class='ocr_line' id='line_1_16' title="bbox 440 2167 1142 2255; baseline 0.003 -22"><span class='ocrx_word' id='word_1_90' title='bbox 440 2167 506 2233; x_wconf 83' lang='lat' dir='ltr'>Sibi</span> <span class='ocrx_word' id='word_1_91' title='bbox 530 2174 683 2255; x_wconf 90' lang='lat' dir='ltr'>tanquam</span> <span class='ocrx_word' id='word_1_92' title='bbox 706 2172 840 2248; x_wconf 90' lang='lat' dir='ltr'>creatori</span> <span class='ocrx_word' id='word_1_93' title='bbox 862 2194 919 2236; x_wconf 84' lang='lat' dir='ltr'>suo</span> <span class='ocrx_word' id='word_1_94' title='bbox 942 2171 1142 2249; x_wconf 86' lang='lat' dir='ltr'>famulantes,</span> 
     </span>
     <span class='ocr_line' id='line_1_17' title="bbox 433 2274 1236 2361; baseline -0.002 -22"><span class='ocrx_word' id='word_1_95' title='bbox 433 2274 477 2339; x_wconf 81' lang='lat' dir='ltr'>Et</span> <span class='ocrx_word' id='word_1_96' title='bbox 498 2298 616 2361; x_wconf 83' lang='lat' dir='ltr'>magna</span> <span class='ocrx_word' id='word_1_97' title='bbox 639 2278 879 2342; x_wconf 87' lang='lat' dir='ltr'>mansuetudine</span> <span class='ocrx_word' id='word_1_98' title='bbox 901 2299 1006 2342; x_wconf 88' lang='lat' dir='ltr'>secum</span> <span class='ocrx_word' id='word_1_99' title='bbox 1029 2276 1236 2341; x_wconf 79' lang='lat' dir='ltr'>ambulantes</span> 
     </span>
    </p>

    <p class='ocr_par' dir='ltr' id='par_1_9' title="bbox 354 2379 1331 2889">
     <span class='ocr_line' id='line_1_18' title="bbox 354 2379 1149 2448; baseline 0.001 -4"><span class='ocrx_word' id='word_1_100' title='bbox 354 2399 406 2436; x_wconf 83' lang='grc'>0000</span> <span class='ocrx_word' id='word_1_101' title='bbox 433 2379 481 2445; x_wconf 89' lang='lat' dir='ltr'>Dc</span> <span class='ocrx_word' id='word_1_102' title='bbox 503 2382 633 2446; x_wconf 87' lang='lat' dir='ltr'>castello</span> <span class='ocrx_word' id='word_1_103' title='bbox 655 2381 816 2447; x_wconf 88' lang='lat' dir='ltr'>Nazareth</span> <span class='ocrx_word' id='word_1_104' title='bbox 840 2383 984 2448; x_wconf 90' lang='lat' dir='ltr'>homines</span> <span class='ocrx_word' id='word_1_105' title='bbox 1006 2383 1149 2447; x_wconf 86' lang='lat' dir='ltr'>videntes</span> 
     </span>
     <span class='ocr_line' id='line_1_19' title="bbox 433 2483 1200 2564; baseline 0.003 -15"><span class='ocrx_word' id='word_1_106' title='bbox 433 2483 496 2550; x_wconf 79' lang='lat' dir='ltr'>Tot</span> <span class='ocrx_word' id='word_1_107' title='bbox 518 2487 623 2551; x_wconf 91' lang='lat' dir='ltr'>leones</span> <span class='ocrx_word' id='word_1_108' title='bbox 646 2491 757 2552; x_wconf 88' lang='lat' dir='ltr'>contra</span> <span class='ocrx_word' id='word_1_109' title='bbox 780 2510 813 2553; x_wconf 89' lang='lat' dir='ltr'>sc</span> <span class='ocrx_word' id='word_1_110' title='bbox 835 2509 907 2553; x_wconf 92' lang='lat' dir='ltr'>cum</span> <span class='ocrx_word' id='word_1_111' title='bbox 929 2487 1006 2553; x_wconf 86' lang='lat' dir='ltr'>Jesu</span> <span class='ocrx_word' id='word_1_112' title='bbox 1030 2487 1200 2564; x_wconf 87' lang='lat' dir='ltr'>venientes,</span> 
     </span>
     <span class='ocr_line' id='line_1_20' title="bbox 432 2591 1206 2678; baseline 0 -22"><span class='ocrx_word' id='word_1_113' title='bbox 432 2591 574 2657; x_wconf 87' lang='lat' dir='ltr'>Horrore</span> <span class='ocrx_word' id='word_1_114' title='bbox 595 2614 712 2678; x_wconf 80' lang='lat' dir='ltr'>magno</span> <span class='ocrx_word' id='word_1_115' title='bbox 734 2595 840 2658; x_wconf 89' lang='lat' dir='ltr'>territi</span> <span class='ocrx_word' id='word_1_116' title='bbox 862 2595 999 2659; x_wconf 90' lang='lat' dir='ltr'>multum</span> <span class='ocrx_word' id='word_1_117' title='bbox 1020 2595 1206 2670; x_wconf 87' lang='lat' dir='ltr'>timuerunt,</span> 
     </span>
     <span class='ocr_line' id='line_1_21' title="bbox 433 2697 1331 2787; baseline -0.002 -27"><span class='ocrx_word' id='word_1_118' title='bbox 433 2697 704 2782; x_wconf 88' lang='lat' dir='ltr'>Blasphemabant</span> <span class='ocrx_word' id='word_1_119' title='bbox 725 2701 759 2764; x_wconf 93' lang='lat' dir='ltr'>iu</span> <span class='ocrx_word' id='word_1_120' title='bbox 783 2700 958 2787; x_wconf 84' lang='lat' dir='ltr'>benignum</span> <span class='ocrx_word' id='word_1_121' title='bbox 980 2700 1091 2766; x_wconf 89' lang='lat' dir='ltr'>Jesum</span> <span class='ocrx_word' id='word_1_122' title='bbox 1113 2703 1146 2764; x_wconf 90' lang='lat' dir='ltr'>et</span> <span class='ocrx_word' id='word_1_123' title='bbox 1168 2698 1331 2765; x_wconf 85' lang='lat' dir='ltr'>dixerunt:</span> 
     </span>
     <span class='ocr_line' id='line_1_22' title="bbox 434 2801 1203 2889; baseline 0.004 -24"><span class='ocrx_word' id='word_1_124' title='bbox 434 2801 495 2866; x_wconf 87' lang='lat' dir='ltr'>Hic</span> <span class='ocrx_word' id='word_1_125' title='bbox 518 2825 575 2867; x_wconf 91' lang='lat' dir='ltr'>nos</span> <span class='ocrx_word' id='word_1_126' title='bbox 599 2808 667 2869; x_wconf 88' lang='lat' dir='ltr'>arte</span> <span class='ocrx_word' id='word_1_127' title='bbox 690 2806 814 2889; x_wconf 82' lang='lat' dir='ltr'>magica</span> <span class='ocrx_word' id='word_1_128' title='bbox 836 2810 970 2870; x_wconf 89' lang='lat' dir='ltr'>conatur</span> <span class='ocrx_word' id='word_1_129' title='bbox 993 2806 1166 2884; x_wconf 84' lang='lat' dir='ltr'>devastare,</span> <span class='ocrx_word' id='word_1_130' title='bbox 1197 2844 1203 2860; x_wconf 91' lang='lat'><strong>·</strong></span> 
     </span>
    </p>

    <p class='ocr_par' dir='ltr' id='par_1_10' title="bbox 356 2908 1172 2975">
     <span class='ocr_line' id='line_1_23' title="bbox 356 2908 1172 2975; baseline 0.002 -2"><span class='ocrx_word' id='word_1_131' title='bbox 356 2925 407 2962; x_wconf 77' lang='lat'>³⁰⁰⁶</span> <span class='ocrx_word' id='word_1_132' title='bbox 433 2908 477 2973; x_wconf 85' lang='lat' dir='ltr'>Et</span> <span class='ocrx_word' id='word_1_133' title='bbox 500 2909 564 2972; x_wconf 89' lang='lat' dir='ltr'>suis</span> <span class='ocrx_word' id='word_1_134' title='bbox 587 2931 644 2973; x_wconf 90' lang='lat' dir='ltr'>nos</span> <span class='ocrx_word' id='word_1_135' title='bbox 668 2910 811 2975; x_wconf 90' lang='lat' dir='ltr'>leonibus</span> <span class='ocrx_word' id='word_1_136' title='bbox 835 2910 904 2975; x_wconf 83' lang='lat' dir='ltr'>vult</span> <span class='ocrx_word' id='word_1_137' title='bbox 926 2911 991 2974; x_wconf 90' lang='lat' dir='ltr'>iam</span> <span class='ocrx_word' id='word_1_138' title='bbox 1013 2910 1172 2975; x_wconf 87' lang='lat' dir='ltr'>devorare.</span> 
     </span>
    </p>

    <p class='ocr_par' dir='ltr' id='par_1_11' title="bbox 432 3012 1065 3101">
     <span class='ocr_line' id='line_1_24' title="bbox 432 3012 1065 3101; baseline 0.006 -24"><span class='ocrx_word' id='word_1_139' title='bbox 432 3012 497 3078; x_wconf 89' lang='lat' dir='ltr'>Iste</span> <span class='ocrx_word' id='word_1_140' title='bbox 519 3036 583 3079; x_wconf 92' lang='lat' dir='ltr'>non</span> <span class='ocrx_word' id='word_1_141' title='bbox 606 3019 654 3080; x_wconf 86' lang='lat' dir='ltr'>est</span> <span class='ocrx_word' id='word_1_142' title='bbox 677 3017 787 3101; x_wconf 88' lang='lat' dir='ltr'>utique</span> <span class='ocrx_word' id='word_1_143' title='bbox 810 3017 902 3081; x_wconf 89' lang='lat' dir='ltr'>ludus</span> <span class='ocrx_word' id='word_1_144' title='bbox 924 3017 1065 3101; x_wconf 89' lang='lat' dir='ltr'>puerilis,</span> 
     </span>
    </p>

    <p class='ocr_par' dir='ltr' id='par_1_12' title="bbox 434 3111 1265 3311">
     <span class='ocr_line' id='line_1_25' title="bbox 434 3111 1265 3188; baseline 0 -4"><span class='ocrx_word' id='word_1_145' title='bbox 434 3118 494 3184; x_wconf 85' lang='lat' dir='ltr'>Sed</span> <span class='ocrx_word' id='word_1_146' title='bbox 517 3125 565 3185; x_wconf 89' lang='lat' dir='ltr'>est</span> <span class='ocrx_word' id='word_1_147' title='bbox 588 3143 639 3185; x_wconf 87' lang='lat' dir='ltr'>ars</span> <span class='ocrx_word' id='word_1_148' title='bbox 661 3122 869 3188; x_wconf 90' lang='lat' dir='ltr'>incantatoris</span> <span class='ocrx_word' id='word_1_149' title='bbox 892 3123 941 3188; x_wconf 88' lang='grc'>001</span> <span class='ocrx_word' id='word_1_150' title='bbox 964 3123 1105 3188; x_wconf 88' lang='lat' dir='ltr'>demonis</span> <span class='ocrx_word' id='word_1_151' title='bbox 1128 3111 1265 3187; x_wconf 87' lang='lat' dir='ltr'>subtilis.</span> 
     </span>
     <span class='ocr_line' id='line_1_26' title="bbox 436 3224 1148 3311; baseline 0.004 -23"><span class='ocrx_word' id='word_1_152' title='bbox 436 3224 527 3290; x_wconf 90' lang='lat' dir='ltr'>Hanc</span> <span class='ocrx_word' id='word_1_153' title='bbox 548 3226 581 3290; x_wconf 92' lang='lat' dir='ltr'>in</span> <span class='ocrx_word' id='word_1_154' title='bbox 603 3226 733 3311; x_wconf 83' lang='lat' dir='ltr'>Egypto</span> <span class='ocrx_word' id='word_1_155' title='bbox 758 3228 868 3292; x_wconf 91' lang='lat' dir='ltr'>didicit</span> <span class='ocrx_word' id='word_1_156' title='bbox 889 3228 1148 3305; x_wconf 82' lang='lat' dir='ltr'>incantationem,</span> 
     </span>
    </p>

    <p class='ocr_par' dir='ltr' id='par_1_13' title="bbox 436 3330 1289 3422">
     <span class='ocr_line' id='line_1_27' title="bbox 436 3330 1289 3422; baseline 0 -28"><span class='ocrx_word' id='word_1_157' title='bbox 436 3330 537 3407; x_wconf 82' lang='lat' dir='ltr'>Quam</span> <span class='ocrx_word' id='word_1_158' title='bbox 560 3333 593 3394; x_wconf 92' lang='lat' dir='ltr'>in</span> <span class='ocrx_word' id='word_1_159' title='bbox 616 3336 759 3396; x_wconf 88' lang='lat' dir='ltr'>nostram</span> <span class='ocrx_word' id='word_1_160' title='bbox 782 3334 918 3422; x_wconf 82' lang='lat' dir='ltr'>experiri</span> <span class='ocrx_word' id='word_1_161' title='bbox 941 3333 1010 3399; x_wconf 85' lang='lat' dir='ltr'>vult</span> <span class='ocrx_word' id='word_1_162' title='bbox 1033 3332 1289 3397; x_wconf 88' lang='lat' dir='ltr'>destructionem.</span> 
     </span>
    </p>

    <p class='ocr_par' dir='ltr' id='par_1_14' title="bbox 357 3435 1142 3523">
     <span class='ocr_line' id='line_1_28' title="bbox 357 3435 1142 3523; baseline 0.006 -24"><span class='ocrx_word' id='word_1_163' title='bbox 357 3455 409 3492; x_wconf 79' lang='grc'>0010</span> <span class='ocrx_word' id='word_1_164' title='bbox 436 3435 529 3501; x_wconf 89' lang='lat' dir='ltr'>Jesus</span> <span class='ocrx_word' id='word_1_165' title='bbox 553 3442 629 3502; x_wconf 90' lang='lat' dir='ltr'>tuuc</span> <span class='ocrx_word' id='word_1_166' title='bbox 652 3438 797 3503; x_wconf 88' lang='lat' dir='ltr'>leonibus</span> <span class='ocrx_word' id='word_1_167' title='bbox 821 3440 941 3504; x_wconf 89' lang='lat' dir='ltr'>cunctis</span> <span class='ocrx_word' id='word_1_168' title='bbox 964 3439 1142 3523; x_wconf 84' lang='lat' dir='ltr'>imperavit,</span> 
     </span>
    </p>

    <p class='ocr_par' dir='ltr' id='par_1_15' title="bbox 349 3540 1301 3946">
     <span class='ocr_line' id='line_1_29' title="bbox 349 3540 1240 3630; baseline 0.001 -24"><span class='ocrx_word' id='word_1_169' title='bbox 349 3624 353 3629; x_wconf 27' lang='grc'>,</span> <span class='ocrx_word' id='word_1_170' title='bbox 435 3540 483 3607; x_wconf 89' lang='lat' dir='ltr'>Ut</span> <span class='ocrx_word' id='word_1_171' title='bbox 505 3543 645 3609; x_wconf 87' lang='lat' dir='ltr'>redirent</span> <span class='ocrx_word' id='word_1_172' title='bbox 666 3545 700 3608; x_wconf 92' lang='lat' dir='ltr'>in</span> <span class='ocrx_word' id='word_1_173' title='bbox 724 3546 884 3611; x_wconf 87' lang='lat' dir='ltr'>desertum</span> <span class='ocrx_word' id='word_1_174' title='bbox 905 3546 1045 3630; x_wconf 87' lang='lat' dir='ltr'>ipsisque</span> <span class='ocrx_word' id='word_1_175' title='bbox 1068 3544 1240 3622; x_wconf 83' lang='lat' dir='ltr'>mandavit,</span> 
     </span>
     <span class='ocr_line' id='line_1_30' title="bbox 436 3646 1301 3735; baseline 0.001 -24"><span class='ocrx_word' id='word_1_176' title='bbox 436 3646 484 3712; x_wconf 89' lang='lat' dir='ltr'>De</span> <span class='ocrx_word' id='word_1_177' title='bbox 506 3652 620 3728; x_wconf 88' lang='lat' dir='ltr'>cetero,</span> <span class='ocrx_word' id='word_1_178' title='bbox 645 3653 729 3735; x_wconf 91' lang='lat' dir='ltr'>quod</span> <span class='ocrx_word' id='word_1_179' title='bbox 752 3652 915 3717; x_wconf 89' lang='lat' dir='ltr'>hominem</span> <span class='ocrx_word' id='word_1_180' title='bbox 938 3652 1062 3716; x_wconf 90' lang='lat' dir='ltr'>nullum</span> <span class='ocrx_word' id='word_1_181' title='bbox 1085 3650 1301 3727; x_wconf 87' lang='lat' dir='ltr'>molestarent,</span> 
     </span>
     <span class='ocr_line' id='line_1_31' title="bbox 435 3753 1255 3842; baseline 0 -26"><span class='ocrx_word' id='word_1_182' title='bbox 435 3753 575 3818; x_wconf 86' lang='lat' dir='ltr'>Maxime</span> <span class='ocrx_word' id='word_1_183' title='bbox 597 3755 635 3819; x_wconf 90' lang='lat' dir='ltr'>de</span> <span class='ocrx_word' id='word_1_184' title='bbox 657 3754 819 3821; x_wconf 87' lang='lat' dir='ltr'>Nazareth</span> <span class='ocrx_word' id='word_1_185' title='bbox 842 3780 1031 3842; x_wconf 88' lang='lat' dir='ltr'>quemquam</span> <span class='ocrx_word' id='word_1_186' title='bbox 1056 3756 1255 3820; x_wconf 87' lang='lat' dir='ltr'>infestarent.</span> 
     </span>
     <span class='ocr_line' id='line_1_32' title="bbox 436 3856 1085 3946; baseline 0.008 -25"><span class='ocrx_word' id='word_1_187' title='bbox 436 3856 567 3923; x_wconf 89' lang='lat' dir='ltr'>Dimissi</span> <span class='ocrx_word' id='word_1_188' title='bbox 590 3861 634 3926; x_wconf 86' lang='lat' dir='ltr'>sic</span> <span class='ocrx_word' id='word_1_189' title='bbox 657 3885 675 3925; x_wconf 89' lang='lat' dir='ltr'>a</span> <span class='ocrx_word' id='word_1_190' title='bbox 699 3885 797 3946; x_wconf 91' lang='lat' dir='ltr'>puero</span> <span class='ocrx_word' id='word_1_191' title='bbox 821 3864 925 3928; x_wconf 87' lang='lat' dir='ltr'>leones</span> <span class='ocrx_word' id='word_1_192' title='bbox 948 3863 1085 3927; x_wconf 90' lang='lat' dir='ltr'>universi</span> 
     </span>
    </p>

    <p class='ocr_par' dir='ltr' id='par_1_16' title="bbox 358 3961 1248 4154">
     <span class='ocr_line' id='line_1_33' title="bbox 358 3961 1248 4033; baseline 0.002 -7"><span class='ocrx_word' id='word_1_193' title='bbox 358 3979 408 4016; x_wconf 77' lang='lat'>³⁰1⁵</span> <span class='ocrx_word' id='word_1_194' title='bbox 436 3961 474 4027; x_wconf 91' lang='lat' dir='ltr'>Iu</span> <span class='ocrx_word' id='word_1_195' title='bbox 497 3987 588 4029; x_wconf 90' lang='lat' dir='ltr'>suam</span> <span class='ocrx_word' id='word_1_196' title='bbox 610 3967 814 4032; x_wconf 87' lang='lat' dir='ltr'>solitudinem</span> <span class='ocrx_word' id='word_1_197' title='bbox 838 3971 1001 4033; x_wconf 89' lang='lat' dir='ltr'>mansuete</span> <span class='ocrx_word' id='word_1_198' title='bbox 1023 3971 1099 4032; x_wconf 84' lang='lat' dir='ltr'>aunt</span> <span class='ocrx_word' id='word_1_199' title='bbox 1122 3964 1248 4030; x_wconf 84' lang='lat' dir='ltr'>reversi.</span> 
     </span>
     <span class='ocr_line' id='line_1_34' title="bbox 436 4058 1160 4154; baseline 0.006 -23"><span class='ocrx_word' id='word_1_200' title='bbox 436 4067 530 4133; x_wconf 87' lang='lat' dir='ltr'>Jesus</span> <span class='ocrx_word' id='word_1_201' title='bbox 553 4093 631 4154; x_wconf 86' lang='lat' dir='ltr'>puer</span> <span class='ocrx_word' id='word_1_202' title='bbox 653 4095 725 4137; x_wconf 90' lang='lat' dir='ltr'>cum</span> <span class='ocrx_word' id='word_1_203' title='bbox 749 4074 854 4138; x_wconf 87' lang='lat' dir='ltr'>leones</span> <span class='ocrx_word' id='word_1_204' title='bbox 878 4074 956 4138; x_wconf 87' lang='lat' dir='ltr'>alios</span> <span class='ocrx_word' id='word_1_205' title='bbox 978 4058 1160 4150; x_wconf 87' lang='lat' dir='ltr'>dimisisset,</span> 
     </span>
    </p>

    <p class='ocr_par' dir='ltr' id='par_1_17' title="bbox 437 4173 1248 4485">
     <span class='ocr_line' id='line_1_35' title="bbox 438 4173 1162 4261; baseline 0.006 -24"><span class='ocrx_word' id='word_1_206' title='bbox 438 4173 546 4258; x_wconf 87' lang='lat' dir='ltr'>Atque</span> <span class='ocrx_word' id='word_1_207' title='bbox 569 4182 704 4261; x_wconf 84' lang='lat' dir='ltr'>portam.</span> <span class='ocrx_word' id='word_1_208' title='bbox 717 4179 857 4243; x_wconf 85' lang='lat' dir='ltr'>civitatis</span> <span class='ocrx_word' id='word_1_209' title='bbox 881 4178 967 4243; x_wconf 89' lang='lat' dir='ltr'>solus</span> <span class='ocrx_word' id='word_1_210' title='bbox 988 4179 1162 4255; x_wconf 88' lang='lat' dir='ltr'>introisset,</span> 
     </span>
     <span class='ocr_line' id='line_1_36' title="bbox 437 4277 1248 4367; baseline 0.006 -25"><span class='ocrx_word' id='word_1_211' title='bbox 437 4277 488 4342; x_wconf 79' lang='lat' dir='ltr'>Ad</span> <span class='ocrx_word' id='word_1_212' title='bbox 512 4303 582 4344; x_wconf 90' lang='lat' dir='ltr'>eum</span> <span class='ocrx_word' id='word_1_213' title='bbox 606 4283 754 4347; x_wconf 85' lang='lat' dir='ltr'>universa</span> <span class='ocrx_word' id='word_1_214' title='bbox 777 4283 866 4367; x_wconf 87' lang='lat' dir='ltr'>plebs</span> <span class='ocrx_word' id='word_1_215' title='bbox 891 4284 1038 4349; x_wconf 87' lang='lat' dir='ltr'>convenit</span> <span class='ocrx_word' id='word_1_216' title='bbox 1060 4283 1248 4349; x_wconf 85' lang='lat' dir='ltr'>Judeurum.</span> 
     </span>
     <span class='ocr_line' id='line_1_37' title="bbox 439 4381 1112 4485; baseline 0.01 -40"><span class='ocrx_word' id='word_1_217' title='bbox 439 4381 586 4448; x_wconf 83' lang='lat' dir='ltr'>Civitatis</span> <span class='ocrx_word' id='word_1_218' title='bbox 606 4385 771 4458; x_wconf 85' lang='lat' dir='ltr'>Nazareth</span> <span class='ocrx_word' id='word_1_219' title='bbox 790 4394 822 4459; x_wconf 83' lang='lat' dir='ltr'>ct</span> <span class='ocrx_word' id='word_1_220' title='bbox 844 4390 1073 4474; x_wconf 88' lang='lat' dir='ltr'>phariseorum,</span> <span class='ocrx_word' id='word_1_221' title='bbox 1108 4476 1112 4485; x_wconf 93' lang='lat'>.</span> 
     </span>
    </p>
   </div>
   <div class='ocr_carea' id='block_1_3' title="bbox 350 4533 867 4674">
    <p class='ocr_par' dir='ltr' id='par_1_18' title="bbox 350 4533 867 4674">
     <span class='ocr_line' id='line_1_38' title="bbox 350 4533 867 4674; baseline 0.017 -13"><span class='ocrx_word' id='word_1_222' title='bbox 350 4604 420 4663; x_wconf 76' lang='lat'>2984</span> <span class='ocrx_word' id='word_1_223' title='bbox 437 4607 512 4670; x_wconf 80' lang='lat' dir='ltr'>fehlt</span> <span class='ocrx_word' id='word_1_224' title='bbox 527 4609 558 4674; x_wconf 73' lang='lat' dir='ltr'>iu</span> <span class='ocrx_word' id='word_1_225' title='bbox 575 4610 610 4668; x_wconf 78' lang='lat' dir='ltr'>G..</span> <span class='ocrx_word' id='word_1_226' title='bbox 849 4533 867 4573; x_wconf 61' lang='lat'>*</span> 
     </span>
    </p>
   </div>
   <div class='ocr_carea' id='block_1_4' title="bbox 0 0 1521 5124">
    <p class='ocr_par' dir='ltr' id='par_1_19' title="bbox 0 0 1521 5124">
     <span class='ocr_line' id='line_1_39' title="bbox 0 0 1521 5124; baseline 0 0"><span class='ocrx_word' id='word_1_227' title='bbox 0 0 1521 5124; x_wconf 95' lang='lat' dir='ltr'> </span> 
     </span>
    </p>
   </div>
  </div>
 </body>
</html>
