<?xml version="1.0" encoding="UTF-8"?>
<!DOCTYPE html PUBLIC "-//W3C//DTD XHTML 1.0 Transitional//EN"
    "http://www.w3.org/TR/xhtml1/DTD/xhtml1-transitional.dtd">
<html xmlns="http://www.w3.org/1999/xhtml" xml:lang="en" lang="en">
 <head>
  <title>
</title>
<meta http-equiv="Content-Type" content="text/html;charset=utf-8" />
  <meta name='ocr-system' content='tesseract 3.04.00' />
  <meta name='ocr-capabilities' content='ocr_page ocr_carea ocr_par ocr_line ocrx_word'/>
</head>
<body>
  <div class='ocr_page' id='page_1' title='image "./vitabeatevirgin02vggoog_0277.png"; bbox 0 0 3000 5125; ppageno 0'>
   <div class='ocr_carea' id='block_1_1' title="bbox 666 429 729 494">
    <p class='ocr_par' dir='ltr' id='par_1_1' title="bbox 666 429 729 494">
     <span class='ocr_line' id='line_1_1' title="bbox 666 429 729 494; baseline 0 0"><span class='ocrx_word' id='word_1_1' title='bbox 666 429 729 494; x_wconf 81' lang='lat'>265</span> 
     </span>
    </p>
   </div>
   <div class='ocr_carea' id='block_1_2' title="bbox 194 602 1209 1321">
    <p class='ocr_par' dir='ltr' id='par_1_2' title="bbox 270 602 1125 1005">
     <span class='ocr_line' id='line_1_2' title="bbox 270 602 1011 690; baseline 0.001 -20"><span class='ocrx_word' id='word_1_2' title='bbox 270 602 308 670; x_wconf 93' lang='lat' dir='ltr'>In</span> <span class='ocrx_word' id='word_1_3' title='bbox 331 603 447 690; x_wconf 91' lang='lat' dir='ltr'>regalis</span> <span class='ocrx_word' id='word_1_4' title='bbox 469 603 603 670; x_wconf 88' lang='lat' dir='ltr'>thalami</span> <span class='ocrx_word' id='word_1_5' title='bbox 626 625 779 689; x_wconf 89' lang='lat' dir='ltr'>sponsam</span> <span class='ocrx_word' id='word_1_6' title='bbox 801 608 834 669; x_wconf 88' lang='lat' dir='ltr'>et</span> <span class='ocrx_word' id='word_1_7' title='bbox 856 605 1011 690; x_wconf 80' lang='lat' dir='ltr'>reginam,</span> 
     </span>
     <span class='ocr_line' id='line_1_3' title="bbox 275 695 1102 794; baseline 0 -19"><span class='ocrx_word' id='word_1_8' title='bbox 275 708 322 776; x_wconf 89' lang='lat' dir='ltr'>Ut</span> <span class='ocrx_word' id='word_1_9' title='bbox 343 713 380 774; x_wconf 88' lang='lat' dir='ltr'>tu</span> <span class='ocrx_word' id='word_1_10' title='bbox 401 709 482 774; x_wconf 87' lang='lat' dir='ltr'>mihi</span> <span class='ocrx_word' id='word_1_11' title='bbox 504 731 630 794; x_wconf 87' lang='lat' dir='ltr'>pareres</span> <span class='ocrx_word' id='word_1_12' title='bbox 652 709 755 774; x_wconf 88' lang='lat' dir='ltr'>filium</span> <span class='ocrx_word' id='word_1_13' title='bbox 777 711 833 794; x_wconf 90' lang='lat' dir='ltr'>qui</span> <span class='ocrx_word' id='word_1_14' title='bbox 856 710 931 775; x_wconf 91' lang='lat' dir='ltr'>deus</span> <span class='ocrx_word' id='word_1_15' title='bbox 1095 695 1102 708; x_wconf 59' lang='lat'><strong>⁹</strong></span> 
     </span>
     <span class='ocr_line' id='line_1_4' title="bbox 271 814 1125 901; baseline 0.002 -21"><span class='ocrx_word' id='word_1_16' title='bbox 271 814 432 880; x_wconf 73' lang='lat' dir='ltr'>rothomo</span> <span class='ocrx_word' id='word_1_17' title='bbox 455 815 548 895; x_wconf 89' lang='lat' dir='ltr'>foret,</span> <span class='ocrx_word' id='word_1_18' title='bbox 571 815 605 879; x_wconf 90' lang='lat' dir='ltr'>in</span> <span class='ocrx_word' id='word_1_19' title='bbox 629 837 692 901; x_wconf 94' lang='lat' dir='ltr'>quo</span> <span class='ocrx_word' id='word_1_20' title='bbox 715 818 842 880; x_wconf 89' lang='lat' dir='ltr'>sanctus</span> <span class='ocrx_word' id='word_1_21' title='bbox 865 816 1014 881; x_wconf 71' lang='lat' dir='ltr'>resideret</span> <span class='ocrx_word' id='word_1_22' title='bbox 1037 837 1125 882; x_wconf 88' lang='lat' dir='ltr'>meus</span> 
     </span>
     <span class='ocr_line' id='line_1_5' title="bbox 272 917 1035 1005; baseline 0 -21"><span class='ocrx_word' id='word_1_23' title='bbox 272 917 421 1004; x_wconf 73' lang='lat' dir='ltr'>Spiritus,</span> <span class='ocrx_word' id='word_1_24' title='bbox 445 923 477 985; x_wconf 89' lang='lat' dir='ltr'>et</span> <span class='ocrx_word' id='word_1_25' title='bbox 497 920 663 985; x_wconf 90' lang='lat' dir='ltr'>hominum</span> <span class='ocrx_word' id='word_1_26' title='bbox 687 941 788 1005; x_wconf 90' lang='lat' dir='ltr'>genus</span> <span class='ocrx_word' id='word_1_27' title='bbox 811 921 866 1005; x_wconf 91' lang='lat' dir='ltr'>qui</span> <span class='ocrx_word' id='word_1_28' title='bbox 887 920 1035 998; x_wconf 85' lang='lat' dir='ltr'>salvaret,</span> 
     </span>
    </p>

    <p class='ocr_par' dir='ltr' id='par_1_3' title="bbox 194 1024 1209 1321">
     <span class='ocr_line' id='line_1_6' title="bbox 194 1024 1065 1111; baseline 0.001 -22"><span class='ocrx_word' id='word_1_29' title='bbox 194 1044 246 1082; x_wconf 73' lang='lat'>⁷⁹2⁶</span> <span class='ocrx_word' id='word_1_30' title='bbox 272 1024 316 1089; x_wconf 84' lang='lat' dir='ltr'>Et</span> <span class='ocrx_word' id='word_1_31' title='bbox 339 1047 395 1109; x_wconf 90' lang='lat' dir='ltr'>per</span> <span class='ocrx_word' id='word_1_32' title='bbox 418 1048 509 1091; x_wconf 89' lang='lat' dir='ltr'>suam</span> <span class='ocrx_word' id='word_1_33' title='bbox 530 1026 709 1111; x_wconf 77' lang='lat' dir='ltr'>passionem</span> <span class='ocrx_word' id='word_1_34' title='bbox 729 1026 884 1091; x_wconf 89' lang='lat' dir='ltr'>mundum</span> <span class='ocrx_word' id='word_1_35' title='bbox 906 1026 1065 1091; x_wconf 86' lang='lat' dir='ltr'>liberaret.</span> 
     </span>
     <span class='ocr_line' id='line_1_7' title="bbox 274 1131 1209 1217; baseline 0.001 -22"><span class='ocrx_word' id='word_1_36' title='bbox 274 1131 373 1216; x_wconf 79' lang='lat' dir='ltr'>Ergo,</span> <span class='ocrx_word' id='word_1_37' title='bbox 397 1154 468 1197; x_wconf 86' lang='lat' dir='ltr'>mea</span> <span class='ocrx_word' id='word_1_38' title='bbox 489 1153 616 1216; x_wconf 88' lang='lat' dir='ltr'>sponsa,</span> <span class='ocrx_word' id='word_1_39' title='bbox 638 1132 732 1215; x_wconf 82' lang='lat' dir='ltr'>veni!</span> <span class='ocrx_word' id='word_1_40' title='bbox 756 1155 831 1196; x_wconf 91' lang='lat' dir='ltr'>nam</span> <span class='ocrx_word' id='word_1_41' title='bbox 852 1154 958 1197; x_wconf 90' lang='lat' dir='ltr'>meum</span> <span class='ocrx_word' id='word_1_42' title='bbox 981 1132 1015 1195; x_wconf 91' lang='lat' dir='ltr'>in</span> <span class='ocrx_word' id='word_1_43' title='bbox 1038 1135 1070 1197; x_wconf 90' lang='lat' dir='ltr'>te</span> <span class='ocrx_word' id='word_1_44' title='bbox 1092 1153 1209 1217; x_wconf 88' lang='lat' dir='ltr'>ponam</span> 
     </span>
     <span class='ocr_line' id='line_1_8' title="bbox 273 1233 1098 1321; baseline 0.001 -22"><span class='ocrx_word' id='word_1_45' title='bbox 273 1234 449 1316; x_wconf 82' lang='lat' dir='ltr'>Thronum,</span> <span class='ocrx_word' id='word_1_46' title='bbox 472 1233 533 1301; x_wconf 88' lang='lat' dir='ltr'>tibi</span> <span class='ocrx_word' id='word_1_47' title='bbox 557 1235 648 1321; x_wconf 87' lang='lat' dir='ltr'>regni</span> <span class='ocrx_word' id='word_1_48' title='bbox 669 1236 732 1301; x_wconf 90' lang='lat' dir='ltr'>mei</span> <span class='ocrx_word' id='word_1_49' title='bbox 755 1235 899 1302; x_wconf 88' lang='lat' dir='ltr'>tribuens</span> <span class='ocrx_word' id='word_1_50' title='bbox 921 1256 1098 1301; x_wconf 72' lang='lat' dir='ltr'>coronam«</span> 
     </span>
    </p>
   </div>
   <div class='ocr_carea' id='block_1_3' title="bbox 438 1550 941 1647">
    <p class='ocr_par' dir='ltr' id='par_1_4' title="bbox 438 1550 941 1647">
     <span class='ocr_line' id='line_1_9' title="bbox 438 1550 941 1647; baseline 0 -22"><span class='ocrx_word' id='word_1_51' title='bbox 438 1550 554 1625; x_wconf 81' lang='lat' dir='ltr'>Filius</span> <span class='ocrx_word' id='word_1_52' title='bbox 581 1551 743 1647; x_wconf 79' lang='lat' dir='ltr'>suscepit</span> <span class='ocrx_word' id='word_1_53' title='bbox 770 1550 941 1625; x_wconf 85' lang='lat' dir='ltr'>Mariam.</span> 
     </span>
    </p>
   </div>
   <div class='ocr_carea' id='block_1_4' title="bbox 197 1758 1132 3512">
    <p class='ocr_par' dir='ltr' id='par_1_5' title="bbox 276 1758 1039 1951">
     <span class='ocr_line' id='line_1_10' title="bbox 276 1758 1039 1841; baseline 0.004 -16"><span class='ocrx_word' id='word_1_54' title='bbox 276 1759 378 1826; x_wconf 84' lang='lat' dir='ltr'>Filius</span> <span class='ocrx_word' id='word_1_55' title='bbox 401 1761 465 1825; x_wconf 86' lang='lat' dir='ltr'>ait:</span> <span class='ocrx_word' id='word_1_56' title='bbox 492 1758 604 1841; x_wconf 67' lang='lat' dir='ltr'>Neai,</span> <span class='ocrx_word' id='word_1_57' title='bbox 627 1761 699 1825; x_wconf 81' lang='lat' dir='ltr'>veni</span> <span class='ocrx_word' id='word_1_58' title='bbox 720 1764 824 1827; x_wconf 85' lang='lat' dir='ltr'>mater</span> <span class='ocrx_word' id='word_1_59' title='bbox 845 1763 1039 1828; x_wconf 84' lang='lat' dir='ltr'>veneranda!</span> 
     </span>
     <span class='ocr_line' id='line_1_11' title="bbox 277 1864 981 1951; baseline 0.001 -21"><span class='ocrx_word' id='word_1_60' title='bbox 277 1864 371 1946; x_wconf 86' lang='lat' dir='ltr'>Veni,</span> <span class='ocrx_word' id='word_1_61' title='bbox 392 1889 464 1932; x_wconf 89' lang='lat' dir='ltr'>mea</span> <span class='ocrx_word' id='word_1_62' title='bbox 486 1866 636 1951; x_wconf 82' lang='lat' dir='ltr'>genitrix,</span> <span class='ocrx_word' id='word_1_63' title='bbox 659 1866 760 1942; x_wconf 83' lang='lat' dir='ltr'>dulcis</span> <span class='ocrx_word' id='word_1_64' title='bbox 783 1869 815 1931; x_wconf 84' lang='lat' dir='ltr'>et</span> <span class='ocrx_word' id='word_1_65' title='bbox 838 1866 981 1931; x_wconf 89' lang='lat' dir='ltr'>amanda.</span> 
     </span>
    </p>

    <p class='ocr_par' dir='ltr' id='par_1_6' title="bbox 199 1970 1132 2463">
     <span class='ocr_line' id='line_1_12' title="bbox 199 1970 892 2052; baseline -0.001 -15"><span class='ocrx_word' id='word_1_66' title='bbox 199 1992 251 2030; x_wconf 77' lang='lat'><strong>⁷⁹³0</strong></span> <span class='ocrx_word' id='word_1_67' title='bbox 277 1970 369 2052; x_wconf 87' lang='lat' dir='ltr'>Veni,</span> <span class='ocrx_word' id='word_1_68' title='bbox 392 1994 477 2037; x_wconf 90' lang='lat' dir='ltr'>nunc</span> <span class='ocrx_word' id='word_1_69' title='bbox 499 1971 638 2036; x_wconf 85' lang='lat' dir='ltr'>introeas</span> <span class='ocrx_word' id='word_1_70' title='bbox 661 1970 892 2038; x_wconf 75' lang='lat' dir='ltr'>habitationem</span> 
     </span>
     <span class='ocr_line' id='line_1_13' title="bbox 276 2075 877 2161; baseline 0 -20"><span class='ocrx_word' id='word_1_71' title='bbox 276 2075 392 2157; x_wconf 85' lang='lat' dir='ltr'>Meam,</span> <span class='ocrx_word' id='word_1_72' title='bbox 415 2081 452 2141; x_wconf 88' lang='lat' dir='ltr'>ut</span> <span class='ocrx_word' id='word_1_73' title='bbox 474 2075 607 2161; x_wconf 86' lang='lat' dir='ltr'>recipias</span> <span class='ocrx_word' id='word_1_74' title='bbox 630 2075 877 2141; x_wconf 79' lang='lat' dir='ltr'>consolationem</span> 
     </span>
     <span class='ocr_line' id='line_1_14' title="bbox 277 2180 1132 2267; baseline 0.004 -21"><span class='ocrx_word' id='word_1_75' title='bbox 277 2180 355 2246; x_wconf 86' lang='lat' dir='ltr'>Post</span> <span class='ocrx_word' id='word_1_76' title='bbox 377 2182 509 2267; x_wconf 88' lang='lat' dir='ltr'>longum</span> <span class='ocrx_word' id='word_1_77' title='bbox 530 2185 622 2246; x_wconf 90' lang='lat' dir='ltr'>tunm</span> <span class='ocrx_word' id='word_1_78' title='bbox 644 2180 828 2260; x_wconf 89' lang='lat' dir='ltr'>incolatum,</span> <span class='ocrx_word' id='word_1_79' title='bbox 853 2205 872 2245; x_wconf 93' lang='lat' dir='ltr'>a</span> <span class='ocrx_word' id='word_1_80' title='bbox 894 2204 944 2246; x_wconf 90' lang='lat' dir='ltr'>me</span> <span class='ocrx_word' id='word_1_81' title='bbox 966 2185 1022 2247; x_wconf 91' lang='lat' dir='ltr'>tuo</span> <span class='ocrx_word' id='word_1_82' title='bbox 1045 2188 1132 2265; x_wconf 88' lang='lat' dir='ltr'>nato,</span> 
     </span>
     <span class='ocr_line' id='line_1_15' title="bbox 275 2286 953 2373; baseline -0.003 -20"><span class='ocrx_word' id='word_1_83' title='bbox 275 2286 378 2354; x_wconf 88' lang='lat' dir='ltr'>Utin</span> <span class='ocrx_word' id='word_1_84' title='bbox 400 2308 500 2372; x_wconf 91' lang='lat' dir='ltr'>reguo</span> <span class='ocrx_word' id='word_1_85' title='bbox 522 2287 668 2373; x_wconf 80' lang='lat' dir='ltr'>glorieris</span> <span class='ocrx_word' id='word_1_86' title='bbox 691 2286 751 2352; x_wconf 91' lang='lat' dir='ltr'>tibi</span> <span class='ocrx_word' id='word_1_87' title='bbox 774 2287 953 2372; x_wconf 88' lang='lat' dir='ltr'>preparato.</span> 
     </span>
     <span class='ocr_line' id='line_1_16' title="bbox 275 2390 910 2463; baseline 0.002 -8"><span class='ocrx_word' id='word_1_88' title='bbox 275 2390 345 2457; x_wconf 83' lang='lat' dir='ltr'>Tuo</span> <span class='ocrx_word' id='word_1_89' title='bbox 366 2414 442 2463; x_wconf 88' lang='lat' dir='ltr'>nam</span> <span class='ocrx_word' id='word_1_90' title='bbox 464 2393 498 2456; x_wconf 88' lang='lat' dir='ltr'>in</span> <span class='ocrx_word' id='word_1_91' title='bbox 521 2396 611 2457; x_wconf 88' lang='lat' dir='ltr'>utero</span> <span class='ocrx_word' id='word_1_92' title='bbox 634 2395 744 2457; x_wconf 87' lang='lat' dir='ltr'>sancto</span> <span class='ocrx_word' id='word_1_93' title='bbox 766 2391 910 2456; x_wconf 89' lang='lat' dir='ltr'>tribuisti</span> 
     </span>
    </p>

    <p class='ocr_par' dir='ltr' id='par_1_7' title="bbox 197 2496 1102 2985">
     <span class='ocr_line' id='line_1_17' title="bbox 197 2496 1102 2583; baseline -0.002 -19"><span class='ocrx_word' id='word_1_94' title='bbox 197 2515 249 2554; x_wconf 74' lang='lat'>⁷⁹³⁵</span> <span class='ocrx_word' id='word_1_95' title='bbox 275 2496 358 2564; x_wconf 90' lang='lat' dir='ltr'>Mihi</span> <span class='ocrx_word' id='word_1_96' title='bbox 382 2498 505 2564; x_wconf 83' lang='lat' dir='ltr'>dulcem</span> <span class='ocrx_word' id='word_1_97' title='bbox 528 2498 733 2578; x_wconf 85' lang='lat' dir='ltr'>mansionem,</span> <span class='ocrx_word' id='word_1_98' title='bbox 756 2519 828 2563; x_wconf 88' lang='lat' dir='ltr'>cum</span> <span class='ocrx_word' id='word_1_99' title='bbox 851 2519 900 2562; x_wconf 89' lang='lat' dir='ltr'>me</span> <span class='ocrx_word' id='word_1_100' title='bbox 922 2497 1102 2583; x_wconf 86' lang='lat' dir='ltr'>concepisti,</span> 
     </span>
     <span class='ocr_line' id='line_1_18' title="bbox 274 2601 1076 2687; baseline -0.004 -17"><span class='ocrx_word' id='word_1_101' title='bbox 274 2601 322 2670; x_wconf 88' lang='lat' dir='ltr'>Ut</span> <span class='ocrx_word' id='word_1_102' title='bbox 343 2604 516 2670; x_wconf 86' lang='lat' dir='ltr'>humanam</span> <span class='ocrx_word' id='word_1_103' title='bbox 539 2628 558 2669; x_wconf 90' lang='lat' dir='ltr'>a</span> <span class='ocrx_word' id='word_1_104' title='bbox 580 2608 612 2670; x_wconf 91' lang='lat' dir='ltr'>te</span> <span class='ocrx_word' id='word_1_105' title='bbox 634 2626 762 2670; x_wconf 86' lang='lat' dir='ltr'>carnem</span> <span class='ocrx_word' id='word_1_106' title='bbox 783 2603 863 2668; x_wconf 91' lang='lat' dir='ltr'>mihi</span> <span class='ocrx_word' id='word_1_107' title='bbox 886 2601 1076 2687; x_wconf 87' lang='lat' dir='ltr'>copularem,</span> 
     </span>
     <span class='ocr_line' id='line_1_19' title="bbox 275 2707 1047 2776; baseline -0.001 -2"><span class='ocrx_word' id='word_1_108' title='bbox 275 2707 408 2774; x_wconf 84' lang='lat' dir='ltr'>Necnon</span> <span class='ocrx_word' id='word_1_109' title='bbox 429 2711 464 2773; x_wconf 92' lang='lat' dir='ltr'>in</span> <span class='ocrx_word' id='word_1_110' title='bbox 486 2714 518 2775; x_wconf 90' lang='lat' dir='ltr'>te</span> <span class='ocrx_word' id='word_1_111' title='bbox 541 2711 690 2776; x_wconf 84' lang='lat' dir='ltr'>deitatem</span> <span class='ocrx_word' id='word_1_112' title='bbox 712 2732 816 2775; x_wconf 92' lang='lat' dir='ltr'>meam</span> <span class='ocrx_word' id='word_1_113' title='bbox 839 2709 1047 2773; x_wconf 86' lang='lat' dir='ltr'>incarnarem.</span> 
     </span>
     <span class='ocr_line' id='line_1_20' title="bbox 274 2811 976 2900; baseline 0 -22"><span class='ocrx_word' id='word_1_114' title='bbox 274 2811 436 2900; x_wconf 86' lang='lat' dir='ltr'>Virgineis</span> <span class='ocrx_word' id='word_1_115' title='bbox 459 2815 609 2881; x_wconf 88' lang='lat' dir='ltr'>uberibus</span> <span class='ocrx_word' id='word_1_116' title='bbox 630 2838 681 2881; x_wconf 93' lang='lat' dir='ltr'>me</span> <span class='ocrx_word' id='word_1_117' title='bbox 704 2816 768 2880; x_wconf 90' lang='lat' dir='ltr'>tuis</span> <span class='ocrx_word' id='word_1_118' title='bbox 791 2820 826 2879; x_wconf 90' lang='lat' dir='ltr'>tu</span> <span class='ocrx_word' id='word_1_119' title='bbox 849 2814 976 2879; x_wconf 88' lang='lat' dir='ltr'>lactasti</span> 
     </span>
     <span class='ocr_line' id='line_1_21' title="bbox 275 2919 1030 2985; baseline -0.001 -1"><span class='ocrx_word' id='word_1_120' title='bbox 275 2919 321 2985; x_wconf 84' lang='lat' dir='ltr'>Et</span> <span class='ocrx_word' id='word_1_121' title='bbox 343 2941 451 2985; x_wconf 88' lang='lat' dir='ltr'>amore</span> <span class='ocrx_word' id='word_1_122' title='bbox 473 2942 523 2985; x_wconf 89' lang='lat' dir='ltr'>me</span> <span class='ocrx_word' id='word_1_123' title='bbox 544 2925 689 2985; x_wconf 90' lang='lat' dir='ltr'>materno</span> <span class='ocrx_word' id='word_1_124' title='bbox 711 2921 857 2984; x_wconf 89' lang='lat' dir='ltr'>decenter</span> <span class='ocrx_word' id='word_1_125' title='bbox 880 2919 1030 2984; x_wconf 88' lang='lat' dir='ltr'>educasti.</span> 
     </span>
    </p>

    <p class='ocr_par' dir='ltr' id='par_1_8' title="bbox 198 3023 1116 3512">
     <span class='ocr_line' id='line_1_22' title="bbox 198 3023 1116 3110; baseline -0.003 -20"><span class='ocrx_word' id='word_1_126' title='bbox 198 3044 251 3082; x_wconf 74' lang='lat'>⁷⁹⁴⁰</span> <span class='ocrx_word' id='word_1_127' title='bbox 276 3024 330 3090; x_wconf 90' lang='lat' dir='ltr'>Me</span> <span class='ocrx_word' id='word_1_128' title='bbox 352 3024 471 3110; x_wconf 86' lang='lat' dir='ltr'>viginti</span> <span class='ocrx_word' id='word_1_129' title='bbox 493 3048 606 3091; x_wconf 88' lang='lat' dir='ltr'>novem</span> <span class='ocrx_word' id='word_1_130' title='bbox 629 3025 721 3090; x_wconf 88' lang='lat' dir='ltr'>annis</span> <span class='ocrx_word' id='word_1_131' title='bbox 743 3029 781 3089; x_wconf 87' lang='lat' dir='ltr'>tu</span> <span class='ocrx_word' id='word_1_132' title='bbox 804 3046 930 3109; x_wconf 90' lang='lat' dir='ltr'>quoque</span> <span class='ocrx_word' id='word_1_133' title='bbox 951 3023 1116 3088; x_wconf 83' lang='lat' dir='ltr'>nutrivisti</span> 
     </span>
     <span class='ocr_line' id='line_1_23' title="bbox 276 3127 1086 3212; baseline -0.004 -18"><span class='ocrx_word' id='word_1_134' title='bbox 276 3129 320 3194; x_wconf 77' lang='lat' dir='ltr'>llt</span> <span class='ocrx_word' id='word_1_135' title='bbox 341 3129 422 3194; x_wconf 92' lang='lat' dir='ltr'>mihi</span> <span class='ocrx_word' id='word_1_136' title='bbox 444 3129 564 3194; x_wconf 83' lang='lat' dir='ltr'>victum</span> <span class='ocrx_word' id='word_1_137' title='bbox 585 3129 694 3194; x_wconf 85' lang='lat' dir='ltr'>labore</span> <span class='ocrx_word' id='word_1_138' title='bbox 716 3151 868 3194; x_wconf 88' lang='lat' dir='ltr'>mannum</span> <span class='ocrx_word' id='word_1_139' title='bbox 890 3127 1086 3212; x_wconf 88' lang='lat' dir='ltr'>conquisisti.</span> 
     </span>
     <span class='ocr_line' id='line_1_24' title="bbox 277 3232 1032 3320; baseline -0.001 -21"><span class='ocrx_word' id='word_1_140' title='bbox 277 3234 366 3320; x_wconf 85' lang='lat' dir='ltr'>Ergo</span> <span class='ocrx_word' id='word_1_141' title='bbox 389 3235 488 3299; x_wconf 89' lang='lat' dir='ltr'>dulcis</span> <span class='ocrx_word' id='word_1_142' title='bbox 511 3238 613 3300; x_wconf 89' lang='lat' dir='ltr'>mater</span> <span class='ocrx_word' id='word_1_143' title='bbox 634 3255 706 3299; x_wconf 91' lang='lat' dir='ltr'>mea</span> <span class='ocrx_word' id='word_1_144' title='bbox 727 3255 813 3299; x_wconf 89' lang='lat' dir='ltr'>nunc</span> <span class='ocrx_word' id='word_1_145' title='bbox 833 3232 1032 3320; x_wconf 87' lang='lat' dir='ltr'>ingrediaris,</span> 
     </span>
     <span class='ocr_line' id='line_1_25' title="bbox 276 3340 892 3426; baseline 0 -20"><span class='ocrx_word' id='word_1_146' title='bbox 276 3341 357 3406; x_wconf 84' lang='lat' dir='ltr'>Meis</span> <span class='ocrx_word' id='word_1_147' title='bbox 378 3344 417 3405; x_wconf 92' lang='lat' dir='ltr'>ut</span> <span class='ocrx_word' id='word_1_148' title='bbox 439 3341 600 3426; x_wconf 90' lang='lat' dir='ltr'>perpetuis</span> <span class='ocrx_word' id='word_1_149' title='bbox 624 3341 743 3407; x_wconf 91' lang='lat' dir='ltr'>deliciis</span> <span class='ocrx_word' id='word_1_150' title='bbox 766 3340 892 3422; x_wconf 86' lang='lat' dir='ltr'>fruaris,</span> 
     </span>
     <span class='ocr_line' id='line_1_26' title="bbox 276 3445 947 3512; baseline 0.001 -2"><span class='ocrx_word' id='word_1_151' title='bbox 276 3445 321 3510; x_wconf 77' lang='lat' dir='ltr'>llt</span> <span class='ocrx_word' id='word_1_152' title='bbox 342 3467 434 3511; x_wconf 90' lang='lat' dir='ltr'>cerne</span> <span class='ocrx_word' id='word_1_153' title='bbox 456 3450 547 3511; x_wconf 90' lang='lat' dir='ltr'>tuum</span> <span class='ocrx_word' id='word_1_154' title='bbox 568 3447 672 3512; x_wconf 88' lang='lat' dir='ltr'>filium</span> <span class='ocrx_word' id='word_1_155' title='bbox 694 3470 745 3512; x_wconf 90' lang='lat' dir='ltr'>me</span> <span class='ocrx_word' id='word_1_156' title='bbox 767 3447 947 3512; x_wconf 85' lang='lat' dir='ltr'>deificatum</span> 
     </span>
    </p>
   </div>
   <div class='ocr_carea' id='block_1_5' title="bbox 80 3541 1074 3635">
    <p class='ocr_par' dir='ltr' id='par_1_9' title="bbox 80 3541 1074 3635">
     <span class='ocr_line' id='line_1_27' title="bbox 80 3541 1074 3635; baseline 0.002 -23"><span class='ocrx_word' id='word_1_157' title='bbox 80 3541 83 3548; x_wconf 68' lang='grc'><strong>’</strong></span> <span class='ocrx_word' id='word_1_158' title='bbox 199 3568 250 3606; x_wconf 75' lang='lat'>⁷04⁶</span> <span class='ocrx_word' id='word_1_159' title='bbox 277 3549 322 3614; x_wconf 82' lang='lat' dir='ltr'>Et</span> <span class='ocrx_word' id='word_1_160' title='bbox 343 3549 393 3615; x_wconf 92' lang='lat' dir='ltr'>dei</span> <span class='ocrx_word' id='word_1_161' title='bbox 415 3549 616 3635; x_wconf 87' lang='lat' dir='ltr'>unigenitum</span> <span class='ocrx_word' id='word_1_162' title='bbox 639 3574 690 3616; x_wconf 92' lang='lat' dir='ltr'>me</span> <span class='ocrx_word' id='word_1_163' title='bbox 711 3552 805 3616; x_wconf 91' lang='lat' dir='ltr'>deum</span> <span class='ocrx_word' id='word_1_164' title='bbox 827 3551 1074 3616; x_wconf 73' lang='lat' dir='ltr'>humanatumls</span> 
     </span>
    </p>
   </div>
   <div class='ocr_carea' id='block_1_6' title="bbox 332 3865 1064 3962">
    <p class='ocr_par' dir='ltr' id='par_1_10' title="bbox 332 3865 1064 3962">
     <span class='ocr_line' id='line_1_28' title="bbox 332 3865 1064 3962; baseline -0.004 -21"><span class='ocrx_word' id='word_1_165' title='bbox 332 3867 493 3962; x_wconf 82' lang='lat' dir='ltr'>Spiritus</span> <span class='ocrx_word' id='word_1_166' title='bbox 514 3869 674 3940; x_wconf 71' lang='lat' dir='ltr'>vsanctus</span> <span class='ocrx_word' id='word_1_167' title='bbox 704 3867 867 3961; x_wconf 89' lang='lat' dir='ltr'>suscepit</span> <span class='ocrx_word' id='word_1_168' title='bbox 894 3865 1064 3939; x_wconf 88' lang='lat' dir='ltr'>Mariam.</span> 
     </span>
    </p>
   </div>
   <div class='ocr_carea' id='block_1_7' title="bbox 203 4060 1005 4564">
    <p class='ocr_par' dir='ltr' id='par_1_11' title="bbox 278 4060 999 4159">
     <span class='ocr_line' id='line_1_29' title="bbox 278 4060 999 4159; baseline 0.001 -20"><span class='ocrx_word' id='word_1_169' title='bbox 278 4060 413 4141; x_wconf 85' lang='lat' dir='ltr'>Sanctus</span> <span class='ocrx_word' id='word_1_170' title='bbox 436 4074 482 4140; x_wconf 87' lang='lat' dir='ltr'>ait</span> <span class='ocrx_word' id='word_1_171' title='bbox 504 4074 653 4159; x_wconf 88' lang='lat' dir='ltr'>spiritus:</span> <span class='ocrx_word' id='word_1_172' title='bbox 681 4072 810 4139; x_wconf 85' lang='lat' dir='ltr'>›Salvei</span> <span class='ocrx_word' id='word_1_173' title='bbox 833 4073 999 4141; x_wconf 83' lang='lat' dir='ltr'>benedicta</span> 
     </span>
    </p>

    <p class='ocr_par' dir='ltr' id='par_1_12' title="bbox 279 4179 1005 4266">
     <span class='ocr_line' id='line_1_30' title="bbox 279 4179 1005 4266; baseline 0 -21"><span class='ocrx_word' id='word_1_174' title='bbox 279 4179 383 4245; x_wconf 89' lang='lat' dir='ltr'>Maria</span> <span class='ocrx_word' id='word_1_175' title='bbox 405 4181 507 4266; x_wconf 86' lang='lat' dir='ltr'>virgo,</span> <span class='ocrx_word' id='word_1_176' title='bbox 531 4202 592 4265; x_wconf 92' lang='lat' dir='ltr'>que</span> <span class='ocrx_word' id='word_1_177' title='bbox 614 4180 739 4245; x_wconf 78' lang='lat' dir='ltr'>solvisti</span> <span class='ocrx_word' id='word_1_178' title='bbox 761 4179 858 4245; x_wconf 90' lang='lat' dir='ltr'>seculi</span> <span class='ocrx_word' id='word_1_179' title='bbox 881 4180 1005 4245; x_wconf 90' lang='lat' dir='ltr'>delicta.</span> 
     </span>
    </p>

    <p class='ocr_par' dir='ltr' id='par_1_13' title="bbox 279 4284 943 4370">
     <span class='ocr_line' id='line_1_31' title="bbox 279 4284 943 4370; baseline 0 -20"><span class='ocrx_word' id='word_1_180' title='bbox 279 4285 329 4350; x_wconf 82' lang='lat' dir='ltr'>Tu</span> <span class='ocrx_word' id='word_1_181' title='bbox 352 4309 385 4350; x_wconf 87' lang='lat' dir='ltr'>es</span> <span class='ocrx_word' id='word_1_182' title='bbox 406 4284 465 4350; x_wconf 88' lang='lat' dir='ltr'>illa</span> <span class='ocrx_word' id='word_1_183' title='bbox 486 4307 581 4370; x_wconf 88' lang='lat' dir='ltr'>super</span> <span class='ocrx_word' id='word_1_184' title='bbox 602 4306 697 4370; x_wconf 90' lang='lat' dir='ltr'>quam</span> <span class='ocrx_word' id='word_1_185' title='bbox 720 4306 780 4370; x_wconf 87' lang='lat' dir='ltr'>ego</span> <span class='ocrx_word' id='word_1_186' title='bbox 803 4286 943 4370; x_wconf 81' lang='lat' dir='ltr'>requievi</span> 
     </span>
    </p>

    <p class='ocr_par' dir='ltr' id='par_1_14' title="bbox 203 4389 1003 4564">
     <span class='ocr_line' id='line_1_32' title="bbox 281 4389 1003 4478; baseline -0.003 -22"><span class='ocrx_word' id='word_1_187' title='bbox 281 4392 325 4456; x_wconf 80' lang='lat' dir='ltr'>llt</span> <span class='ocrx_word' id='word_1_188' title='bbox 347 4412 442 4475; x_wconf 89' lang='lat' dir='ltr'>quam</span> <span class='ocrx_word' id='word_1_189' title='bbox 465 4412 524 4478; x_wconf 89' lang='lat' dir='ltr'>ego</span> <span class='ocrx_word' id='word_1_190' title='bbox 546 4391 724 4475; x_wconf 89' lang='lat' dir='ltr'>septiformi</span> <span class='ocrx_word' id='word_1_191' title='bbox 746 4391 853 4476; x_wconf 88' lang='lat' dir='ltr'>gratia</span> <span class='ocrx_word' id='word_1_192' title='bbox 875 4389 1003 4475; x_wconf 88' lang='lat' dir='ltr'>repleri,</span> 
     </span>
     <span class='ocr_line' id='line_1_33' title="bbox 203 4495 905 4564; baseline 0.003 -6"><span class='ocrx_word' id='word_1_193' title='bbox 203 4514 255 4551; x_wconf 60' lang='grc' dir='ltr'>τωο</span> <span class='ocrx_word' id='word_1_194' title='bbox 283 4495 386 4560; x_wconf 84' lang='lat' dir='ltr'>Acin</span> <span class='ocrx_word' id='word_1_195' title='bbox 409 4496 521 4561; x_wconf 84' lang='lat' dir='ltr'>matris</span> <span class='ocrx_word' id='word_1_196' title='bbox 542 4499 634 4564; x_wconf 82' lang='lat' dir='ltr'>utero</span> <span class='ocrx_word' id='word_1_197' title='bbox 657 4500 688 4562; x_wconf 89' lang='lat' dir='ltr'>te</span> <span class='ocrx_word' id='word_1_198' title='bbox 711 4495 905 4562; x_wconf 84' lang='lat' dir='ltr'>sanctificavi</span> 
     </span>
    </p>
   </div>
   <div class='ocr_carea' id='block_1_8' title="bbox 0 0 1504 5125">
    <p class='ocr_par' dir='ltr' id='par_1_15' title="bbox 0 0 1504 5125">
     <span class='ocr_line' id='line_1_34' title="bbox 0 0 1504 5125; baseline 0 0"><span class='ocrx_word' id='word_1_199' title='bbox 0 0 1504 5125; x_wconf 95' lang='lat' dir='ltr'> </span> 
     </span>
    </p>
   </div>
  </div>
 </body>
</html>
