3000 5125
678 427 739 497 147

291 606 468 693 Quidquam
491 606 529 672 de
551 607 751 690 pauperibus,
776 607 827 672 vel
851 628 1004 692 pauperes
1027 612 1161 687 curaret,

209 730 266 767 42⁶⁰
292 710 353 777 Sed
373 711 426 777 fur
448 716 526 793 erat,
550 713 589 776 ad
612 733 764 797 expensas
787 714 871 798 qnod
893 714 1021 779 domino
1043 715 1181 779 dabatur

291 816 486 883 Conservam
509 839 632 901 semper
654 818 794 903 aliquam
817 822 941 903 partem
965 819 1154 893 furabatur3

288 920 373 986 Nam
394 944 481 987 more
502 921 611 987 inrum
631 922 752 988 loculos
775 924 914 989 occultos
936 925 988 989 hic
1010 924 1159 1004 habebat,

289 1025 465 1113 Furarique
488 1028 643 1093 decimum
664 1028 830 1094 denarium
851 1030 983 1096 solebat.

290 1130 382 1198 Unde
404 1138 511 1199 tamen
534 1132 636 1198 doluit
657 1139 788 1219 propter
809 1134 870 1199 hoc
893 1138 1101 1221 unguentum,

208 1255 263 1292 42⁶⁶
288 1237 339 1303 Ex
360 1239 430 1324 ipso
451 1261 527 1303 narn
549 1243 730 1323 speraverat
752 1240 805 1304 hic
827 1240 1084 1319 emolumenm

289 1342 379 1420 Quod
401 1364 459 1428 pro
482 1344 620 1408 nummis
642 1344 669 1408 si
691 1345 842 1409 trecentis
864 1345 1026 1410 venditum
1048 1345 1170 1423 fuisset,

290 1444 422 1513 Furtum
446 1448 487 1513 ad
508 1448 654 1514 denarios
676 1449 813 1534 triginta
835 1451 1010 1534 recepisset.

288 1551 348 1618 Sed
370 1557 407 1617 ut
427 1553 523 1617 miser
546 1552 696 1617 damnum
718 1554 819 1636 possit
842 1553 901 1617 hoc
924 1575 1117 1638 recuperare,

290 1657 400 1724 Jesum
421 1680 480 1743 pro
503 1657 639 1744 triginta
662 1659 801 1723 nummis
822 1658 961 1724 decrevit
983 1658 1172 1724 venundare.

399 1976 504 2064 Quod
529 1978 649 2053 Judas
674 1978 833 2053 tradidit
859 1977 1001 2053 desum.

209 2209 262 2246 ⁴2⁶⁰
288 2187 339 2254 Ad
363 2189 560 2254 sacerdotum
582 2189 739 2273 principes
763 2193 795 2254 et
818 2189 857 2254 ad
878 2189 1041 2273 phariseos

287 2292 360 2358 Ibat
381 2294 436 2359 ille
457 2293 606 2377 perfidus,
629 2294 734 2359 dicens
757 2294 817 2358 hoe
840 2295 879 2358 ad
902 2315 970 2359 eos:

291 2397 393 2474 >Quid
415 2399 512 2464 vultis
534 2399 615 2463 mihi
637 2389 733 2484 pretii
756 2399 855 2463 dare?
878 2399 969 2463 vobis
991 2400 1116 2463 nudam

287 2501 397 2569 desum
420 2502 583 2569 Christum
607 2508 639 2570 et
661 2504 825 2570 vobiscum
846 2504 923 2569 illuc
945 2525 1004 2590 ego
1029 2503 1141 2569 vadam

286 2609 460 2688 Deduceus,
483 2610 538 2673 nbi
561 2631 616 2675 vos
638 2611 772 2695 potestis
794 2612 897 2695 ipsum
921 2609 1126 2694 captivare&

208 2733 261 2770 aare
288 2714 348 2791 Qui
371 2714 507 2801 triginta
529 2714 591 2781 sibi
612 2738 759 2781 nummos
782 2716 996 2801 promiserunt
1018 2716 1101 2779 dare.

284 2817 389 2905 Igitur
411 2820 566 2904 posthoc
588 2821 740 2906 querebat
763 2821 1023 2906 oportunitatem,

288 2924 335 2990 Ut
355 2931 461 3010 posset
483 2928 521 2992 de
541 2928 644 2992 filium
665 2927 719 2992 hic
740 2929 775 2992 in
798 2931 987 3013 potestatem

288 3029 424 3097 Tradere
445 3033 632 3118 pontificum
654 3055 691 3098 ac
712 3033 942 3118 phariseorum,

289 3134 410 3216 Oculte,
433 3138 500 3202 sine
523 3139 658 3222 strepitu
681 3158 850 3202 concursus
872 3137 1070 3222 populorum.

528 3453 582 3529 De
610 3476 703 3529 cena
729 3454 880 3527 domini.

209 3684 262 3721 aa
290 3664 482 3749 Azymornm
505 3666 610 3750 primo
632 3665 697 3729 dies
712 3663 848 3749 'quando
870 3663 934 3728 iam
957 3663 1101 3741 instaret,

289 3769 336 3836 Ut
356 3769 450 3836 Jesus
472 3793 543 3835 cum
566 3770 728 3856 discipulis
751 3769 870 3853 paseha
891 3768 1105 3846 manducaret,

287 3875 447 3940 Dixerunt
468 3875 633 3960 discipuli:
659 3873 748 3953 »Die
771 3874 827 3939 ubi
850 3874 908 3952 vis,
931 3895 1089 3956 paremus,

287 3979 377 4055 Quod
398 3985 503 4045 tecum
525 4000 614 4046 more
635 3981 730 4045 solito
754 3980 873 4062 pascha
895 3980 1151 4044 mauducemus«

286 4084 378 4151 Jesus
402 4085 448 4149 ait
471 4086 510 4149 ad
532 4106 603 4150 eos:
629 4083 771 4148 »lunate
792 4084 971 4148 civitatem!

209 4211 261 4249 ⁴2⁷⁶
288 4190 338 4256 Ibi
359 4213 416 4256 vos
439 4190 606 4256 invenietis
630 4191 669 4255 ad
692 4190 753 4255 hoc
775 4191 994 4255 necessitatem
1008 4191 1035 4252 κ(

287 4296 419 4361 Mittens
441 4296 572 4361 Petrum
595 4301 627 4362 et
649 4296 829 4362 Johannem
852 4297 951 4360 dixit:
977 4292 1076 4359 »Cum
1099 4293 1227 4359 intratis

289 4401 350 4467 Per
371 4403 433 4467 iter
455 4401 632 4467 Jerusalem
655 4407 781 4487 portam
804 4400 953 4479 civitatis,

287 4505 405 4573 Statim
428 4508 518 4573 vobis
541 4508 685 4573 obviabit
706 4506 803 4571 homo
825 4508 880 4591 qui
903 4504 1073 4669 lagonalrp¹⁸
