3000 5125
658 363 723 428 219

192 559 245 597 ⁶⁴⁷⁰
271 541 476 606 Diversarum
497 538 663 603 nationum
686 542 797 623 gentes
820 541 1044 619 convenerunt,

269 646 346 712 Illos
369 644 457 730 loqui
478 643 574 708 variis
597 643 715 729 linguis
738 644 937 709 audiverunt.

273 750 390 817 Omnes
413 771 488 836 ergo
510 748 680 833 stupefacti
702 753 823 814 stantes
844 748 1054 830 mirabantur,

272 857 362 933 Quod
383 856 549 922 nationum
571 855 712 920 omnium
734 854 769 918 hi
791 854 910 940 linguis
932 855 1163 940 loquebantur;

248 1025 252 1033 ,
270 960 356 1028 Nam
378 962 499 1026 audivit
521 960 736 1045 unusquisque
758 960 902 1046 linguam
924 983 979 1026 sue
1002 965 1095 1042 terre,

189 1086 243 1124 σεε
271 1067 320 1131 Ι)ε
341 1089 405 1152 qua
426 1070 520 1132 natus
542 1065 656 1144 fuerat,
679 1066 844 1151 loquentes
866 1066 926 1131 hos
948 1065 1099 1150 proferre.

270 1170 385 1236 Postea
406 1171 553 1257 discipuli
575 1193 632 1255 per
654 1163 808 1237 mundum
830 1176 906 1237 sunt
928 1173 1078 1259 dispersi3

268 1277 390 1343 lluntes
412 1300 468 1361 per
490 1277 655 1343 circuitum
677 1269 764 1342 orbis'
786 1277 926 1342 universi

269 1381 479 1448 Predicabant
501 1382 649 1467 undique,
674 1382 801 1447 domino
823 1383 963 1462 iuvante,

270 1486 440 1573 Signisque
462 1487 665 1575 sequentibus
688 1510 865 1553 samonem
887 1488 1103 1555 confirmante.

108 1728 170 1801 De
201 1728 308 1800 statu
327 1728 404 1802 vite
424 1726 577 1820 virginis
590 1725 706 1798 Mario
726 1728 814 1821 post
833 1727 1084 1800 ascensionem
1105 1725 1172 1797 filii
1191 1726 1264 1797 sui.

194 1928 246 1966 ⁶⁴⁸⁰
273 1909 363 1975 Tunc
384 1911 502 1974 mansit
523 1910 556 1974 in
579 1909 758 1976 Jerusalem
781 1911 885 1976 Maria
907 1915 1009 1977 mater
1032 1911 1091 1990 dei,

271 2014 399 2080 Cunctis
421 2016 638 2081 recedentibus
661 2016 834 2101 discipulis,
857 2019 889 2081 et
911 2017 940 2081 ei

268 2119 476 2205 Evangelista
498 2119 661 2186 lohannes
684 2122 795 2186 devote
817 2121 985 2202 serviebat,

269 2225 307 2290 In
329 2226 418 2290 cuius
441 2227 498 2291 hec
520 2226 660 2311 bospitio
682 2226 801 2312 iugiter
824 2227 982 2292 manebat.

269 2328 398 2415 Semper
420 2335 489 2396 erat
510 2354 713 2415 perseverans
736 2332 770 2395 in
794 2332 937 2397 oratione

189 2454 241 2491 ⁶4⁸⁶
267 2435 311 2500 Et
334 2438 457 2502 celestis
479 2438 587 2522 gaudii
611 2436 886 2520 contemplatione.

270 2541 409 2628 Vigiliis,
433 2542 558 2607 ieiuniis
581 2565 618 2607 ac
639 2542 800 2608 devotioni

266 2646 395 2713 Intenta
416 2670 539 2732 semper
561 2648 669 2713 extitit
691 2652 723 2712 et
745 2647 951 2712 meditatione

266 2751 346 2837 Seps
367 2753 466 2818 libros
488 2754 673 2838 perlegebat
695 2757 877 2818 sanctarum
899 2752 1138 2835 scripturarum,

265 2857 358 2943 Legis
381 2863 413 2923 et
436 2859 578 2944 decalogi
600 2859 667 2923 sive
690 2859 928 2943 prophetarum,
993 2902 995 2909 ι

188 2983 240 3019 ⁶¹⁹0
265 2963 451 3028 Doctrinam
472 2964 522 3028 sui
544 2964 604 3028 filii
626 2986 748 3048 semper
771 2961 945 3041 recolendo,

265 3067 377 3147 Dictis,
399 3067 503 3147 factis,
526 3069 656 3133 monitis
679 3068 745 3132 eius
767 3068 951 3133 inherendo.

267 3172 345 3237 Cum
369 3174 433 3238 vite
455 3173 641 3238 castimonia
663 3195 787 3257 semper
809 3171 981 3252 iunuebat,

266 3275 440 3362 Nunquam
463 3282 537 3343 ante
558 3300 676 3343 nonam
698 3279 811 3343 horam
833 3279 941 3344 cibum
962 3280 1183 3349 manducabat,

265 3384 341 3449 Fuit
363 3385 396 3448 in
420 3384 545 3468 eloquio
568 3384 668 3448 dulcis
690 3389 722 3448 et
744 3385 879 3451 discreta

105 3548 108 3553 ,
188 3510 240 3547 coa
267 3488 423 3555 Omnibus
444 3490 618 3554 virtutibus
641 3493 673 3554 et
695 3490 801 3575 gratia
824 3489 954 3574 repleta.

266 3594 304 3659 In
326 3617 469 3659 sermone
490 3617 587 3660 verax
610 3600 679 3659 erat
702 3599 799 3680 atque
821 3597 1057 3682 circumspecta,

265 3700 372 3766 Verba
394 3701 498 3765 vitans
522 3702 663 3765 vanitate
685 3702 734 3765 vel
758 3701 831 3765 otiis
854 3701 980 3766 infecta.

266 3803 303 3868 In
327 3806 475 3870 omnibus
498 3806 696 3870 sermonibus
719 3828 842 3891 semper
864 3808 1048 3875 intendebat

266 3908 423 3975 Edificare
444 3912 607 3995 proximos
629 3913 667 3978 de
689 3912 751 3977 fide
774 3934 870 3998 quam
892 3913 1031 3979 tenebat.

363 4147 417 4222 De
445 4151 660 4244 eloquentia
687 4151 843 4245 virginis
871 4152 1000 4227 Mario.

187 4347 238 4384 ⁰⁶⁰0
265 4327 350 4394 Raro
372 4334 479 4396 tamen
502 4331 699 4417 loquebatur,
722 4335 776 4398 sed
799 4356 871 4399 cum
893 4337 1082 4420 opportebat

263 4435 365 4521 Loqui
388 4458 461 4508 suos
484 4437 529 4507 sic
551 4460 710 4504 semones
732 4442 856 4527 semper
877 4440 1091 4532 convertebat,
