<?xml version="1.0" encoding="UTF-8"?>
<!DOCTYPE html PUBLIC "-//W3C//DTD XHTML 1.0 Transitional//EN"
    "http://www.w3.org/TR/xhtml1/DTD/xhtml1-transitional.dtd">
<html xmlns="http://www.w3.org/1999/xhtml" xml:lang="en" lang="en">
 <head>
  <title>
</title>
<meta http-equiv="Content-Type" content="text/html;charset=utf-8" />
  <meta name='ocr-system' content='tesseract 3.04.00' />
  <meta name='ocr-capabilities' content='ocr_page ocr_carea ocr_par ocr_line ocrx_word'/>
</head>
<body>
  <div class='ocr_page' id='page_1' title='image "./vitabeatevirgin02vggoog_0200.png"; bbox 0 0 3000 5125; ppageno 0'>
   <div class='ocr_carea' id='block_1_1' title="bbox 765 367 828 437">
    <p class='ocr_par' dir='ltr' id='par_1_1' title="bbox 765 367 828 437">
     <span class='ocr_line' id='line_1_1' title="bbox 765 367 828 437; baseline -0.016 0"><span class='ocrx_word' id='word_1_1' title='bbox 765 367 828 437; x_wconf 87' lang='grc'>188</span> 
     </span>
    </p>
   </div>
   <div class='ocr_carea' id='block_1_2' title="bbox 304 544 1329 4524">
    <p class='ocr_par' dir='ltr' id='par_1_2' title="bbox 304 544 1329 4524">
     <span class='ocr_line' id='line_1_2' title="bbox 384 544 1171 634; baseline -0.001 -23"><span class='ocrx_word' id='word_1_2' title='bbox 384 546 564 634; x_wconf 79' lang='lat' dir='ltr'>Legemque</span> <span class='ocrx_word' id='word_1_3' title='bbox 586 544 759 612; x_wconf 87' lang='lat' dir='ltr'>Mosaieam</span> <span class='ocrx_word' id='word_1_4' title='bbox 783 551 815 612; x_wconf 88' lang='lat' dir='ltr'>et</span> <span class='ocrx_word' id='word_1_5' title='bbox 836 546 921 611; x_wconf 86' lang='lat' dir='ltr'>dieta</span> <span class='ocrx_word' id='word_1_6' title='bbox 943 545 1171 631; x_wconf 87' lang='lat' dir='ltr'>prophetarum</span> 
     </span>
     <span class='ocr_line' id='line_1_3' title="bbox 385 650 1119 738; baseline -0.003 -21"><span class='ocrx_word' id='word_1_7' title='bbox 385 650 495 731; x_wconf 85' lang='lat' dir='ltr'>Seivit,</span> <span class='ocrx_word' id='word_1_8' title='bbox 518 652 607 738; x_wconf 83' lang='lat' dir='ltr'>legit,</span> <span class='ocrx_word' id='word_1_9' title='bbox 630 653 789 717; x_wconf 88' lang='lat' dir='ltr'>intellexit</span> <span class='ocrx_word' id='word_1_10' title='bbox 810 651 900 717; x_wconf 90' lang='lat' dir='ltr'>nullo</span> <span class='ocrx_word' id='word_1_11' title='bbox 921 651 1119 737; x_wconf 87' lang='lat' dir='ltr'>predooente,</span> 
     </span>
     <span class='ocr_line' id='line_1_4' title="bbox 384 755 1124 843; baseline -0.004 -21"><span class='ocrx_word' id='word_1_12' title='bbox 384 756 584 843; x_wconf 90' lang='lat' dir='ltr'>Ipsoquoque</span> <span class='ocrx_word' id='word_1_13' title='bbox 604 757 728 822; x_wconf 73' lang='lat' dir='ltr'>litteras</span> <span class='ocrx_word' id='word_1_14' title='bbox 749 778 914 842; x_wconf 90' lang='lat' dir='ltr'>nunquam</span> <span class='ocrx_word' id='word_1_15' title='bbox 936 755 1124 820; x_wconf 74' lang='lat' dir='ltr'>addiscente.</span> 
     </span>
     <span class='ocr_line' id='line_1_5' title="bbox 308 860 1131 946; baseline -0.001 -21"><span class='ocrx_word' id='word_1_16' title='bbox 308 881 360 918; x_wconf 77' lang='lat' dir='ltr'>seeo</span> <span class='ocrx_word' id='word_1_17' title='bbox 387 861 463 927; x_wconf 72' lang='lat' dir='ltr'>Fuit</span> <span class='ocrx_word' id='word_1_18' title='bbox 485 866 592 928; x_wconf 89' lang='lat' dir='ltr'>autem</span> <span class='ocrx_word' id='word_1_19' title='bbox 613 863 764 927; x_wconf 80' lang='lat' dir='ltr'>uitiorum</span> <span class='ocrx_word' id='word_1_20' title='bbox 786 863 911 928; x_wconf 85' lang='lat' dir='ltr'>fervens</span> <span class='ocrx_word' id='word_1_21' title='bbox 934 860 1131 946; x_wconf 72' lang='lat' dir='ltr'>obiurgator,</span> 
     </span>
     <span class='ocr_line' id='line_1_6' title="bbox 383 964 1120 1051; baseline -0.003 -20"><span class='ocrx_word' id='word_1_22' title='bbox 383 965 477 1051; x_wconf 80' lang='lat' dir='ltr'>Legis</span> <span class='ocrx_word' id='word_1_23' title='bbox 500 970 597 1051; x_wconf 79' lang='lat' dir='ltr'>atque</span> <span class='ocrx_word' id='word_1_24' title='bbox 618 966 707 1031; x_wconf 88' lang='lat' dir='ltr'>verbi</span> <span class='ocrx_word' id='word_1_25' title='bbox 729 966 781 1031; x_wconf 90' lang='lat' dir='ltr'>dei</span> <span class='ocrx_word' id='word_1_26' title='bbox 803 966 902 1031; x_wconf 83' lang='lat' dir='ltr'>duleis</span> <span class='ocrx_word' id='word_1_27' title='bbox 925 964 1120 1049; x_wconf 81' lang='lat' dir='ltr'>predioator3</span> 
     </span>
     <span class='ocr_line' id='line_1_7' title="bbox 386 1069 1014 1155; baseline 0.003 -20"><span class='ocrx_word' id='word_1_28' title='bbox 386 1070 494 1155; x_wconf 79' lang='lat' dir='ltr'>Atque</span> <span class='ocrx_word' id='word_1_29' title='bbox 517 1075 643 1136; x_wconf 86' lang='lat' dir='ltr'>nostros</span> <span class='ocrx_word' id='word_1_30' title='bbox 665 1070 749 1135; x_wconf 90' lang='lat' dir='ltr'>filios</span> <span class='ocrx_word' id='word_1_31' title='bbox 771 1092 827 1135; x_wconf 90' lang='lat' dir='ltr'>sne</span> <span class='ocrx_word' id='word_1_32' title='bbox 847 1069 1014 1154; x_wconf 73' lang='lat' dir='ltr'><strong>discipline</strong></span> 
     </span>
     <span class='ocr_line' id='line_1_8' title="bbox 386 1173 1040 1260; baseline -0.003 -20"><span class='ocrx_word' id='word_1_33' title='bbox 386 1175 518 1240; x_wconf 76' lang='lat' dir='ltr'>Fecerat</span> <span class='ocrx_word' id='word_1_34' title='bbox 540 1174 710 1259; x_wconf 79' lang='lat' dir='ltr'>discipulos</span> <span class='ocrx_word' id='word_1_35' title='bbox 732 1197 867 1260; x_wconf 86' lang='lat' dir='ltr'>vereque</span> <span class='ocrx_word' id='word_1_36' title='bbox 890 1173 1040 1240; x_wconf 72' lang='lat' dir='ltr'><strong>doctrine.</strong></span> 
     </span>
     <span class='ocr_line' id='line_1_9' title="bbox 386 1278 1101 1365; baseline 0 -21"><span class='ocrx_word' id='word_1_37' title='bbox 386 1278 455 1345; x_wconf 86' lang='lat' dir='ltr'>Nos</span> <span class='ocrx_word' id='word_1_38' title='bbox 477 1281 581 1365; x_wconf 90' lang='lat' dir='ltr'>ipsum</span> <span class='ocrx_word' id='word_1_39' title='bbox 604 1281 653 1346; x_wconf 93' lang='lat' dir='ltr'>dei</span> <span class='ocrx_word' id='word_1_40' title='bbox 675 1279 779 1344; x_wconf 92' lang='lat' dir='ltr'>filium</span> <span class='ocrx_word' id='word_1_41' title='bbox 800 1279 869 1346; x_wconf 85' lang='lat' dir='ltr'>fore</span> <span class='ocrx_word' id='word_1_42' title='bbox 890 1279 1101 1357; x_wconf 78' lang='lat' dir='ltr'>credebamus,</span> 
     </span>
     <span class='ocr_line' id='line_1_10' title="bbox 310 1385 1254 1472; baseline 0 -22"><span class='ocrx_word' id='word_1_43' title='bbox 310 1402 362 1442; x_wconf 71' lang='lat'>⁶⁶⁰⁶</span> <span class='ocrx_word' id='word_1_44' title='bbox 389 1385 479 1463; x_wconf 80' lang='lat' dir='ltr'>Quod</span> <span class='ocrx_word' id='word_1_45' title='bbox 503 1387 721 1471; x_wconf 71' lang='lat' dir='ltr'>redempturus</span> <span class='ocrx_word' id='word_1_46' title='bbox 743 1385 842 1451; x_wconf 88' lang='lat' dir='ltr'>Israel</span> <span class='ocrx_word' id='word_1_47' title='bbox 865 1389 947 1451; x_wconf 87' lang='lat' dir='ltr'>esset</span> <span class='ocrx_word' id='word_1_48' title='bbox 968 1386 1181 1469; x_wconf 78' lang='lat' dir='ltr'>sperabamus.</span> <span class='ocrx_word' id='word_1_49' title='bbox 1253 1469 1254 1472; x_wconf 8' lang='grc' dir='ltr'><strong>Ἴ</strong></span> 
     </span>
     <span class='ocr_line' id='line_1_11' title="bbox 386 1488 1296 1575; baseline 0 -21"><span class='ocrx_word' id='word_1_50' title='bbox 386 1488 483 1555; x_wconf 85' lang='lat' dir='ltr'>Soror</span> <span class='ocrx_word' id='word_1_51' title='bbox 504 1494 613 1556; x_wconf 88' lang='lat' dir='ltr'>nostra</span> <span class='ocrx_word' id='word_1_52' title='bbox 635 1495 736 1556; x_wconf 83' lang='lat' dir='ltr'>mater</span> <span class='ocrx_word' id='word_1_53' title='bbox 760 1513 895 1575; x_wconf 89' lang='lat' dir='ltr'>suaper</span> <span class='ocrx_word' id='word_1_54' title='bbox 917 1513 990 1556; x_wconf 91' lang='lat' dir='ltr'>eum</span> <span class='ocrx_word' id='word_1_55' title='bbox 1011 1490 1049 1554; x_wconf 91' lang='lat' dir='ltr'>fit</span> <span class='ocrx_word' id='word_1_56' title='bbox 1068 1489 1213 1569; x_wconf 82' lang='lat' dir='ltr'>fecunda,</span> <span class='ocrx_word' id='word_1_57' title='bbox 1294 1536 1296 1539; x_wconf 24' lang='grc' dir='ltr'><strong><em>ι</em></strong></span> 
     </span>
     <span class='ocr_line' id='line_1_12' title="bbox 388 1591 1288 1680; baseline 0 -20"><span class='ocrx_word' id='word_1_58' title='bbox 388 1594 573 1680; x_wconf 74' lang='lat' dir='ltr'>Concipiens</span> <span class='ocrx_word' id='word_1_59' title='bbox 596 1600 628 1660; x_wconf 87' lang='lat' dir='ltr'>et</span> <span class='ocrx_word' id='word_1_60' title='bbox 649 1596 775 1680; x_wconf 87' lang='lat' dir='ltr'>pariens</span> <span class='ocrx_word' id='word_1_61' title='bbox 797 1595 883 1661; x_wconf 86' lang='lat' dir='ltr'>huno</span> <span class='ocrx_word' id='word_1_62' title='bbox 905 1596 1023 1660; x_wconf 89' lang='lat' dir='ltr'>mansit</span> <span class='ocrx_word' id='word_1_63' title='bbox 1044 1595 1137 1680; x_wconf 80' lang='lat' dir='ltr'>virgo</span> <span class='ocrx_word' id='word_1_64' title='bbox 1161 1591 1288 1660; x_wconf 82' lang='lat' dir='ltr'>munda.</span> 
     </span>
     <span class='ocr_line' id='line_1_13' title="bbox 387 1690 1328 1784; baseline 0 -19"><span class='ocrx_word' id='word_1_65' title='bbox 387 1699 479 1765; x_wconf 91' lang='lat' dir='ltr'>Heu!</span> <span class='ocrx_word' id='word_1_66' title='bbox 502 1701 597 1765; x_wconf 92' lang='lat' dir='ltr'>modo</span> <span class='ocrx_word' id='word_1_67' title='bbox 617 1702 699 1765; x_wconf 89' lang='lat' dir='ltr'>mori</span> <span class='ocrx_word' id='word_1_68' title='bbox 721 1702 878 1767; x_wconf 75' lang='lat' dir='ltr'>cernimus</span> <span class='ocrx_word' id='word_1_69' title='bbox 899 1690 1048 1784; x_wconf 82' lang='lat' dir='ltr'>nepotem</span> <span class='ocrx_word' id='word_1_70' title='bbox 1070 1723 1142 1765; x_wconf 88' lang='lat' dir='ltr'>oum</span> <span class='ocrx_word' id='word_1_71' title='bbox 1163 1723 1280 1779; x_wconf 86' lang='lat' dir='ltr'>sorore,</span> <span class='ocrx_word' id='word_1_72' title='bbox 1321 1704 1328 1719; x_wconf 90' lang='lat'>&#39;</span> 
     </span>
     <span class='ocr_line' id='line_1_14' title="bbox 387 1804 1260 1890; baseline 0.002 -22"><span class='ocrx_word' id='word_1_73' title='bbox 387 1804 482 1869; x_wconf 86' lang='lat' dir='ltr'>Hune</span> <span class='ocrx_word' id='word_1_74' title='bbox 504 1804 604 1869; x_wconf 82' lang='lat' dir='ltr'>erucis</span> <span class='ocrx_word' id='word_1_75' title='bbox 626 1827 682 1889; x_wconf 90' lang='lat' dir='ltr'>per</span> <span class='ocrx_word' id='word_1_76' title='bbox 704 1805 895 1890; x_wconf 84' lang='lat' dir='ltr'>supplicium</span> <span class='ocrx_word' id='word_1_77' title='bbox 917 1805 1000 1870; x_wconf 88' lang='lat' dir='ltr'>hano</span> <span class='ocrx_word' id='word_1_78' title='bbox 1022 1805 1121 1870; x_wconf 89' lang='lat' dir='ltr'>nimio</span> <span class='ocrx_word' id='word_1_79' title='bbox 1143 1804 1260 1872; x_wconf 91' lang='lat' dir='ltr'>dolore.</span> 
     </span>
     <span class='ocr_line' id='line_1_15' title="bbox 310 1908 1105 1990; baseline -0.001 -15"><span class='ocrx_word' id='word_1_80' title='bbox 310 1927 362 1966; x_wconf 77' lang='lat'><strong>⁵⁶10</strong></span> <span class='ocrx_word' id='word_1_81' title='bbox 389 1908 416 1975; x_wconf 93' lang='grc' dir='ltr'>Ο</span> <span class='ocrx_word' id='word_1_82' title='bbox 438 1932 528 1974; x_wconf 84' lang='lat' dir='ltr'>soror</span> <span class='ocrx_word' id='word_1_83' title='bbox 550 1909 777 1988; x_wconf 88' lang='lat' dir='ltr'>amantissima,</span> <span class='ocrx_word' id='word_1_84' title='bbox 800 1932 820 1973; x_wconf 92' lang='lat' dir='ltr'>o</span> <span class='ocrx_word' id='word_1_85' title='bbox 842 1910 970 1975; x_wconf 88' lang='lat' dir='ltr'>domina</span> <span class='ocrx_word' id='word_1_86' title='bbox 990 1909 1105 1990; x_wconf 87' lang='lat' dir='ltr'>Maria,</span> 
     </span>
     <span class='ocr_line' id='line_1_16' title="bbox 388 2012 1213 2100; baseline 0 -21"><span class='ocrx_word' id='word_1_87' title='bbox 388 2013 415 2079; x_wconf 93' lang='lat'>0</span> <span class='ocrx_word' id='word_1_88' title='bbox 437 2015 555 2081; x_wconf 88' lang='lat' dir='ltr'>munda</span> <span class='ocrx_word' id='word_1_89' title='bbox 576 2015 668 2100; x_wconf 80' lang='lat' dir='ltr'>virgo</span> <span class='ocrx_word' id='word_1_90' title='bbox 690 2015 905 2100; x_wconf 81' lang='lat' dir='ltr'>virginum,·o</span> <span class='ocrx_word' id='word_1_91' title='bbox 927 2012 1005 2080; x_wconf 89' lang='lat' dir='ltr'>Jesu</span> <span class='ocrx_word' id='word_1_92' title='bbox 1026 2018 1128 2080; x_wconf 89' lang='lat' dir='ltr'>mater</span> <span class='ocrx_word' id='word_1_93' title='bbox 1150 2015 1213 2099; x_wconf 85' lang='lat' dir='ltr'>pia.</span> 
     </span>
     <span class='ocr_line' id='line_1_17' title="bbox 389 2118 1199 2204; baseline -0.001 -20"><span class='ocrx_word' id='word_1_94' title='bbox 389 2119 538 2185; x_wconf 88' lang='lat' dir='ltr'>Dolorem</span> <span class='ocrx_word' id='word_1_95' title='bbox 559 2123 651 2184; x_wconf 87' lang='lat' dir='ltr'>tuum</span> <span class='ocrx_word' id='word_1_96' title='bbox 672 2120 847 2184; x_wconf 82' lang='lat' dir='ltr'>maximum</span> <span class='ocrx_word' id='word_1_97' title='bbox 868 2122 1009 2203; x_wconf 85' lang='lat' dir='ltr'>tempera</span> <span class='ocrx_word' id='word_1_98' title='bbox 1029 2118 1199 2204; x_wconf 80' lang='lat' dir='ltr'>pusillum3</span> 
     </span>
     <span class='ocr_line' id='line_1_18' title="bbox 388 2223 1189 2308; baseline -0.001 -19"><span class='ocrx_word' id='word_1_99' title='bbox 388 2223 424 2289; x_wconf 87' lang='lat' dir='ltr'>In</span> <span class='ocrx_word' id='word_1_100' title='bbox 448 2227 590 2290; x_wconf 90' lang='lat' dir='ltr'>nostram</span> <span class='ocrx_word' id='word_1_101' title='bbox 611 2247 652 2290; x_wconf 91' lang='lat' dir='ltr'>ne</span> <span class='ocrx_word' id='word_1_102' title='bbox 673 2224 833 2289; x_wconf 86' lang='lat' dir='ltr'>miseriam</span> <span class='ocrx_word' id='word_1_103' title='bbox 854 2223 980 2289; x_wconf 80' lang='lat' dir='ltr'>deficias</span> <span class='ocrx_word' id='word_1_104' title='bbox 1002 2246 1059 2308; x_wconf 89' lang='lat' dir='ltr'>per</span> <span class='ocrx_word' id='word_1_105' title='bbox 1079 2223 1189 2289; x_wconf 89' lang='lat' dir='ltr'>illum!</span> 
     </span>
     <span class='ocr_line' id='line_1_19' title="bbox 389 2328 1039 2413; baseline 0 -19"><span class='ocrx_word' id='word_1_106' title='bbox 389 2328 450 2394; x_wconf 84' lang='lat' dir='ltr'>Sed</span> <span class='ocrx_word' id='word_1_107' title='bbox 471 2330 505 2394; x_wconf 89' lang='lat' dir='ltr'>in</span> <span class='ocrx_word' id='word_1_108' title='bbox 528 2329 576 2393; x_wconf 84' lang='lat' dir='ltr'>tui</span> <span class='ocrx_word' id='word_1_109' title='bbox 599 2328 659 2393; x_wconf 91' lang='lat' dir='ltr'>filii</span> <span class='ocrx_word' id='word_1_110' title='bbox 681 2329 845 2413; x_wconf 91' lang='lat' dir='ltr'>promissis</span> <span class='ocrx_word' id='word_1_111' title='bbox 867 2328 1039 2409; x_wconf 79' lang='lat' dir='ltr'>consolare,</span> 
     </span>
     <span class='ocr_line' id='line_1_20' title="bbox 310 2434 1103 2519; baseline -0.001 -19"><span class='ocrx_word' id='word_1_112' title='bbox 310 2451 362 2491; x_wconf 75' lang='lat'>⁶⁰1⁵</span> <span class='ocrx_word' id='word_1_113' title='bbox 389 2434 451 2512; x_wconf 81' lang='lat' dir='ltr'>Qui</span> <span class='ocrx_word' id='word_1_114' title='bbox 472 2438 505 2500; x_wconf 91' lang='lat' dir='ltr'>te</span> <span class='ocrx_word' id='word_1_115' title='bbox 527 2435 788 2500; x_wconf 76' lang='lat' dir='ltr'>resurrectionem</span> <span class='ocrx_word' id='word_1_116' title='bbox 810 2456 900 2499; x_wconf 91' lang='lat' dir='ltr'>suam</span> <span class='ocrx_word' id='word_1_117' title='bbox 922 2438 1103 2519; x_wconf 80' lang='lat' dir='ltr'>exspectare</span> 
     </span>
     <span class='ocr_line' id='line_1_21' title="bbox 388 2537 1113 2624; baseline 0 -20"><span class='ocrx_word' id='word_1_118' title='bbox 388 2537 500 2619; x_wconf 85' lang='lat' dir='ltr'>Jussit,</span> <span class='ocrx_word' id='word_1_119' title='bbox 524 2542 619 2624; x_wconf 87' lang='lat' dir='ltr'>atque</span> <span class='ocrx_word' id='word_1_120' title='bbox 641 2538 732 2618; x_wconf 85' lang='lat' dir='ltr'>dixit,</span> <span class='ocrx_word' id='word_1_121' title='bbox 756 2560 789 2604; x_wconf 90' lang='lat' dir='ltr'>se</span> <span class='ocrx_word' id='word_1_122' title='bbox 811 2538 875 2604; x_wconf 84' lang='lat' dir='ltr'>cito</span> <span class='ocrx_word' id='word_1_123' title='bbox 897 2542 1113 2604; x_wconf 84' lang='lat' dir='ltr'>surrecturum</span> 
     </span>
     <span class='ocr_line' id='line_1_22' title="bbox 387 2641 1230 2724; baseline -0.006 -16"><span class='ocrx_word' id='word_1_124' title='bbox 387 2641 418 2707; x_wconf 81' lang='grc' dir='ltr'>Α</span> <span class='ocrx_word' id='word_1_125' title='bbox 441 2645 584 2724; x_wconf 78' lang='lat' dir='ltr'>mortuis,</span> <span class='ocrx_word' id='word_1_126' title='bbox 607 2666 665 2709; x_wconf 84' lang='lat' dir='ltr'>nos</span> <span class='ocrx_word' id='word_1_127' title='bbox 688 2666 752 2709; x_wconf 89' lang='lat' dir='ltr'>una</span> <span class='ocrx_word' id='word_1_128' title='bbox 773 2648 880 2710; x_wconf 88' lang='lat' dir='ltr'>teoum</span> <span class='ocrx_word' id='word_1_129' title='bbox 901 2644 982 2709; x_wconf 85' lang='lat' dir='ltr'>dixit</span> <span class='ocrx_word' id='word_1_130' title='bbox 1004 2666 1037 2710; x_wconf 88' lang='lat' dir='ltr'>se</span> <span class='ocrx_word' id='word_1_131' title='bbox 1059 2644 1230 2710; x_wconf 74' lang='lat' dir='ltr'>visurum«</span> 
     </span>
     <span class='ocr_line' id='line_1_23' title="bbox 389 2747 1131 2834; baseline 0.001 -21"><span class='ocrx_word' id='word_1_132' title='bbox 389 2748 441 2813; x_wconf 79' lang='lat' dir='ltr'>Ad</span> <span class='ocrx_word' id='word_1_133' title='bbox 463 2748 541 2834; x_wconf 82' lang='lat' dir='ltr'>Jesu</span> <span class='ocrx_word' id='word_1_134' title='bbox 562 2771 713 2814; x_wconf 80' lang='lat' dir='ltr'>conversa</span> <span class='ocrx_word' id='word_1_135' title='bbox 735 2771 849 2833; x_wconf 86' lang='lat' dir='ltr'>eorpus</span> <span class='ocrx_word' id='word_1_136' title='bbox 871 2748 976 2814; x_wconf 85' lang='lat' dir='ltr'>Maria</span> <span class='ocrx_word' id='word_1_137' title='bbox 998 2747 1131 2815; x_wconf 90' lang='lat' dir='ltr'>Zebedei</span> 
     </span>
     <span class='ocr_line' id='line_1_24' title="bbox 304 2853 1220 2941; baseline 0.002 -22"><span class='ocrx_word' id='word_1_138' title='bbox 304 2935 307 2941; x_wconf 69' lang='lat'>,</span> <span class='ocrx_word' id='word_1_139' title='bbox 389 2853 468 2919; x_wconf 72' lang='lat' dir='ltr'>Cum</span> <span class='ocrx_word' id='word_1_140' title='bbox 490 2855 629 2920; x_wconf 88' lang='lat' dir='ltr'>lamento</span> <span class='ocrx_word' id='word_1_141' title='bbox 650 2856 853 2920; x_wconf 78' lang='lat' dir='ltr'>lacrimarum</span> <span class='ocrx_word' id='word_1_142' title='bbox 875 2855 1049 2921; x_wconf 87' lang='lat' dir='ltr'>multarum</span> <span class='ocrx_word' id='word_1_143' title='bbox 1072 2856 1152 2920; x_wconf 83' lang='lat' dir='ltr'>dixit</span> <span class='ocrx_word' id='word_1_144' title='bbox 1174 2857 1220 2921; x_wconf 90' lang='lat' dir='ltr'>ei:</span> 
     </span>
     <span class='ocr_line' id='line_1_25' title="bbox 313 2958 1165 3041; baseline 0.016 -28"><span class='ocrx_word' id='word_1_145' title='bbox 313 2978 364 3016; x_wconf 75' lang='lat' dir='ltr'>seso</span> <span class='ocrx_word' id='word_1_146' title='bbox 393 2958 469 3038; x_wconf 82' lang='lat' dir='ltr'>›Ve,</span> <span class='ocrx_word' id='word_1_147' title='bbox 493 2982 531 3025; x_wconf 90' lang='lat' dir='ltr'>ve</span> <span class='ocrx_word' id='word_1_148' title='bbox 553 2960 632 3025; x_wconf 90' lang='lat' dir='ltr'>mihi</span> <span class='ocrx_word' id='word_1_149' title='bbox 654 2962 778 3040; x_wconf 90' lang='lat' dir='ltr'>misere,</span> <span class='ocrx_word' id='word_1_150' title='bbox 801 2983 839 3026; x_wconf 88' lang='lat' dir='ltr'>ve</span> <span class='ocrx_word' id='word_1_151' title='bbox 860 2961 950 3040; x_wconf 89' lang='lat' dir='ltr'>mihi,</span> <span class='ocrx_word' id='word_1_152' title='bbox 972 2959 1051 3039; x_wconf 63' lang='lat' dir='ltr'>,lesu</span> <span class='ocrx_word' id='word_1_153' title='bbox 1073 2962 1165 3041; x_wconf 89' lang='lat' dir='ltr'>bone,</span> 
     </span>
     <span class='ocr_line' id='line_1_26' title="bbox 389 3063 1143 3151; baseline 0.003 -23"><span class='ocrx_word' id='word_1_154' title='bbox 389 3063 438 3131; x_wconf 87' lang='lat' dir='ltr'>Ve</span> <span class='ocrx_word' id='word_1_155' title='bbox 459 3066 548 3145; x_wconf 90' lang='lat' dir='ltr'>mihi,</span> <span class='ocrx_word' id='word_1_156' title='bbox 572 3066 616 3130; x_wconf 92' lang='lat' dir='ltr'>mi</span> <span class='ocrx_word' id='word_1_157' title='bbox 638 3065 817 3130; x_wconf 89' lang='lat' dir='ltr'>dulcissime</span> <span class='ocrx_word' id='word_1_158' title='bbox 840 3065 878 3130; x_wconf 92' lang='lat' dir='ltr'>de</span> <span class='ocrx_word' id='word_1_159' title='bbox 899 3070 956 3130; x_wconf 87' lang='lat' dir='ltr'>tua</span> <span class='ocrx_word' id='word_1_160' title='bbox 978 3066 1143 3151; x_wconf 83' lang='lat' dir='ltr'>passione!</span> 
     </span>
     <span class='ocr_line' id='line_1_27' title="bbox 389 3168 1274 3257; baseline 0.002 -23"><span class='ocrx_word' id='word_1_161' title='bbox 389 3168 446 3249; x_wconf 88' lang='lat' dir='ltr'>Ve,</span> <span class='ocrx_word' id='word_1_162' title='bbox 469 3193 516 3250; x_wconf 90' lang='lat' dir='ltr'>ve,</span> <span class='ocrx_word' id='word_1_163' title='bbox 540 3172 624 3236; x_wconf 86' lang='lat' dir='ltr'>oalix</span> <span class='ocrx_word' id='word_1_164' title='bbox 645 3171 699 3237; x_wconf 88' lang='lat' dir='ltr'>hio</span> <span class='ocrx_word' id='word_1_165' title='bbox 721 3177 770 3237; x_wconf 89' lang='lat' dir='ltr'>est</span> <span class='ocrx_word' id='word_1_166' title='bbox 791 3172 856 3252; x_wconf 90' lang='lat' dir='ltr'>ille,</span> <span class='ocrx_word' id='word_1_167' title='bbox 880 3195 974 3257; x_wconf 91' lang='lat' dir='ltr'>quem</span> <span class='ocrx_word' id='word_1_168' title='bbox 996 3173 1076 3237; x_wconf 91' lang='lat' dir='ltr'>mihi</span> <span class='ocrx_word' id='word_1_169' title='bbox 1098 3172 1274 3257; x_wconf 80' lang='lat' dir='ltr'>predixisti,</span> 
     </span>
     <span class='ocr_line' id='line_1_28' title="bbox 390 3274 1329 3361; baseline 0.006 -22"><span class='ocrx_word' id='word_1_170' title='bbox 390 3274 481 3352; x_wconf 85' lang='lat' dir='ltr'>Quod</span> <span class='ocrx_word' id='word_1_171' title='bbox 503 3278 608 3361; x_wconf 90' lang='lat' dir='ltr'>ipsum</span> <span class='ocrx_word' id='word_1_172' title='bbox 629 3299 711 3342; x_wconf 90' lang='lat' dir='ltr'>esses</span> <span class='ocrx_word' id='word_1_173' title='bbox 733 3277 904 3357; x_wconf 86' lang='lat' dir='ltr'>bibiturus,</span> <span class='ocrx_word' id='word_1_174' title='bbox 927 3277 1013 3343; x_wconf 88' lang='lat' dir='ltr'>huno</span> <span class='ocrx_word' id='word_1_175' title='bbox 1034 3279 1127 3344; x_wconf 91' lang='lat' dir='ltr'>modo</span> <span class='ocrx_word' id='word_1_176' title='bbox 1149 3281 1187 3342; x_wconf 92' lang='lat' dir='ltr'>tu</span> <span class='ocrx_word' id='word_1_177' title='bbox 1208 3278 1329 3345; x_wconf 91' lang='lat' dir='ltr'>bibisti.</span> 
     </span>
     <span class='ocr_line' id='line_1_29' title="bbox 389 3379 1084 3466; baseline 0.003 -21"><span class='ocrx_word' id='word_1_178' title='bbox 389 3379 546 3466; x_wconf 89' lang='lat' dir='ltr'>Hunoque</span> <span class='ocrx_word' id='word_1_179' title='bbox 568 3404 654 3447; x_wconf 92' lang='lat' dir='ltr'>meos</span> <span class='ocrx_word' id='word_1_180' title='bbox 676 3381 761 3448; x_wconf 87' lang='lat' dir='ltr'>fflios</span> <span class='ocrx_word' id='word_1_181' title='bbox 783 3383 893 3448; x_wconf 88' lang='lat' dir='ltr'>dixisti</span> <span class='ocrx_word' id='word_1_182' title='bbox 915 3383 1084 3461; x_wconf 88' lang='lat' dir='ltr'>bibituros,</span> 
     </span>
     <span class='ocr_line' id='line_1_30' title="bbox 313 3485 1242 3574; baseline -0.005 -23"><span class='ocrx_word' id='word_1_183' title='bbox 313 3504 366 3542; x_wconf 70' lang='lat'>⁶⁶2⁶</span> <span class='ocrx_word' id='word_1_184' title='bbox 392 3487 437 3552; x_wconf 81' lang='lat' dir='ltr'>nt</span> <span class='ocrx_word' id='word_1_185' title='bbox 459 3509 515 3571; x_wconf 92' lang='lat' dir='ltr'>per</span> <span class='ocrx_word' id='word_1_186' title='bbox 536 3486 642 3571; x_wconf 90' lang='lat' dir='ltr'>ipsum</span> <span class='ocrx_word' id='word_1_187' title='bbox 664 3485 765 3571; x_wconf 85' lang='lat' dir='ltr'>patris</span> <span class='ocrx_word' id='word_1_188' title='bbox 788 3487 836 3551; x_wconf 89' lang='lat' dir='ltr'>tui</span> <span class='ocrx_word' id='word_1_189' title='bbox 858 3509 993 3574; x_wconf 81' lang='lat' dir='ltr'>regnum</span> <span class='ocrx_word' id='word_1_190' title='bbox 1015 3508 1242 3572; x_wconf 89' lang='lat' dir='ltr'>possessuros.‹</span> 
     </span>
     <span class='ocr_line' id='line_1_31' title="bbox 390 3590 1088 3678; baseline 0.003 -23"><span class='ocrx_word' id='word_1_191' title='bbox 390 3590 571 3678; x_wconf 82' lang='lat' dir='ltr'>Alpheique</span> <span class='ocrx_word' id='word_1_192' title='bbox 593 3593 741 3662; x_wconf 89' lang='lat' dir='ltr'>similiter</span> <span class='ocrx_word' id='word_1_193' title='bbox 764 3591 868 3656; x_wconf 87' lang='lat' dir='ltr'>Maria</span> <span class='ocrx_word' id='word_1_194' title='bbox 892 3592 1088 3677; x_wconf 87' lang='lat' dir='ltr'>deplorabat,</span> 
     </span>
     <span class='ocr_line' id='line_1_32' title="bbox 392 3695 1250 3782; baseline 0.005 -22"><span class='ocrx_word' id='word_1_195' title='bbox 392 3696 435 3760; x_wconf 78' lang='lat' dir='ltr'>nt</span> <span class='ocrx_word' id='word_1_196' title='bbox 458 3698 497 3761; x_wconf 86' lang='lat' dir='ltr'>ad</span> <span class='ocrx_word' id='word_1_197' title='bbox 519 3695 630 3763; x_wconf 86' lang='lat' dir='ltr'>Jesum</span> <span class='ocrx_word' id='word_1_198' title='bbox 652 3698 685 3761; x_wconf 93' lang='lat' dir='ltr'>in</span> <span class='ocrx_word' id='word_1_199' title='bbox 710 3718 802 3762; x_wconf 82' lang='lat' dir='ltr'>eruce</span> <span class='ocrx_word' id='word_1_200' title='bbox 823 3698 1011 3782; x_wconf 89' lang='lat' dir='ltr'>pendentem</span> <span class='ocrx_word' id='word_1_201' title='bbox 1034 3699 1250 3764; x_wconf 82' lang='lat' dir='ltr'>exclamabat:</span> 
     </span>
     <span class='ocr_line' id='line_1_33' title="bbox 393 3800 1153 3883; baseline 0.001 -16"><span class='ocrx_word' id='word_1_202' title='bbox 393 3800 459 3867; x_wconf 80' lang='lat' dir='ltr'>»Vs</span> <span class='ocrx_word' id='word_1_203' title='bbox 480 3803 570 3883; x_wconf 89' lang='lat' dir='ltr'>mihi,</span> <span class='ocrx_word' id='word_1_204' title='bbox 593 3802 672 3869; x_wconf 84' lang='lat' dir='ltr'>Jesn</span> <span class='ocrx_word' id='word_1_205' title='bbox 693 3803 833 3882; x_wconf 90' lang='lat' dir='ltr'>domine,</span> <span class='ocrx_word' id='word_1_206' title='bbox 857 3803 957 3868; x_wconf 87' lang='lat' dir='ltr'>duleis</span> <span class='ocrx_word' id='word_1_207' title='bbox 980 3807 1012 3869; x_wconf 87' lang='lat' dir='ltr'>et</span> <span class='ocrx_word' id='word_1_208' title='bbox 1034 3804 1153 3883; x_wconf 81' lang='lat' dir='ltr'>decore,</span> 
     </span>
     <span class='ocr_line' id='line_1_34' title="bbox 393 3905 1152 3991; baseline 0.001 -18"><span class='ocrx_word' id='word_1_209' title='bbox 393 3905 438 3973; x_wconf 91' lang='lat' dir='ltr'>Ut</span> <span class='ocrx_word' id='word_1_210' title='bbox 460 3908 536 3991; x_wconf 88' lang='lat' dir='ltr'>quid</span> <span class='ocrx_word' id='word_1_211' title='bbox 558 3909 640 3973; x_wconf 90' lang='lat' dir='ltr'>mori</span> <span class='ocrx_word' id='word_1_212' title='bbox 661 3907 792 3973; x_wconf 88' lang='lat' dir='ltr'>voluisti</span> <span class='ocrx_word' id='word_1_213' title='bbox 815 3911 908 3973; x_wconf 86' lang='lat' dir='ltr'>tento</span> <span class='ocrx_word' id='word_1_214' title='bbox 931 3931 1003 3973; x_wconf 88' lang='lat' dir='ltr'>oum</span> <span class='ocrx_word' id='word_1_215' title='bbox 1026 3909 1152 3974; x_wconf 86' lang='lat' dir='ltr'>dolore!</span> 
     </span>
     <span class='ocr_line' id='line_1_35' title="bbox 316 4010 1051 4098; baseline 0.005 -24"><span class='ocrx_word' id='word_1_216' title='bbox 316 4030 370 4067; x_wconf 73' lang='lat'>⁶⁶³0</span> <span class='ocrx_word' id='word_1_217' title='bbox 397 4010 478 4090; x_wconf 89' lang='lat' dir='ltr'>Heu,</span> <span class='ocrx_word' id='word_1_218' title='bbox 500 4014 549 4078; x_wconf 90' lang='lat' dir='ltr'>tui</span> <span class='ocrx_word' id='word_1_219' title='bbox 571 4014 718 4098; x_wconf 87' lang='lat' dir='ltr'>discipuli</span> <span class='ocrx_word' id='word_1_220' title='bbox 741 4013 804 4078; x_wconf 92' lang='lat' dir='ltr'>mei</span> <span class='ocrx_word' id='word_1_221' title='bbox 827 4035 952 4098; x_wconf 91' lang='lat' dir='ltr'>quoque</span> <span class='ocrx_word' id='word_1_222' title='bbox 973 4013 1051 4092; x_wconf 86' lang='lat' dir='ltr'>nati,</span> 
     </span>
     <span class='ocr_line' id='line_1_36' title="bbox 363 4103 1182 4204; baseline 0.005 -24"><span class='ocrx_word' id='word_1_223' title='bbox 363 4108 365 4113; x_wconf 69' lang='grc'><strong>’</strong></span> <span class='ocrx_word' id='word_1_224' title='bbox 391 4115 568 4204; x_wconf 20' lang='lat' dir='ltr'>Seio&#39;quod</span> <span class='ocrx_word' id='word_1_225' title='bbox 591 4122 715 4203; x_wconf 89' lang='lat' dir='ltr'>oportet</span> <span class='ocrx_word' id='word_1_226' title='bbox 735 4103 791 4185; x_wconf 30' lang='lat' dir='ltr'>*eos</span> <span class='ocrx_word' id='word_1_227' title='bbox 814 4142 872 4204; x_wconf 93' lang='lat' dir='ltr'>pro</span> <span class='ocrx_word' id='word_1_228' title='bbox 894 4124 927 4184; x_wconf 88' lang='lat' dir='ltr'>te</span> <span class='ocrx_word' id='word_1_229' title='bbox 948 4122 1083 4183; x_wconf 89' lang='lat' dir='ltr'>mortem</span> <span class='ocrx_word' id='word_1_230' title='bbox 1105 4118 1182 4204; x_wconf 84' lang='lat' dir='ltr'>pati.</span> 
     </span>
     <span class='ocr_line' id='line_1_37' title="bbox 396 4221 1256 4304; baseline 0.001 -17"><span class='ocrx_word' id='word_1_231' title='bbox 396 4221 481 4287; x_wconf 90' lang='lat' dir='ltr'>Nam</span> <span class='ocrx_word' id='word_1_232' title='bbox 505 4224 607 4289; x_wconf 82' lang='lat' dir='ltr'>adhue</span> <span class='ocrx_word' id='word_1_233' title='bbox 629 4247 700 4289; x_wconf 88' lang='lat' dir='ltr'>oum</span> <span class='ocrx_word' id='word_1_234' title='bbox 723 4225 843 4290; x_wconf 84' lang='lat' dir='ltr'>viveres</span> <span class='ocrx_word' id='word_1_235' title='bbox 865 4229 898 4290; x_wconf 87' lang='lat' dir='ltr'>te</span> <span class='ocrx_word' id='word_1_236' title='bbox 919 4228 1046 4289; x_wconf 84' lang='lat' dir='ltr'>tentum</span> <span class='ocrx_word' id='word_1_237' title='bbox 1067 4222 1256 4304; x_wconf 84' lang='lat' dir='ltr'>dilexerunt,</span> 
     </span>
     <span class='ocr_line' id='line_1_38' title="bbox 394 4327 1150 4415; baseline 0.003 -24"><span class='ocrx_word' id='word_1_238' title='bbox 394 4327 485 4405; x_wconf 77' lang='lat' dir='ltr'>Quod</span> <span class='ocrx_word' id='word_1_239' title='bbox 508 4352 636 4395; x_wconf 85' lang='lat' dir='ltr'>manere</span> <span class='ocrx_word' id='word_1_240' title='bbox 659 4330 727 4394; x_wconf 82' lang='lat' dir='ltr'>sin&#39;e</span> <span class='ocrx_word' id='word_1_241' title='bbox 748 4334 782 4395; x_wconf 89' lang='lat' dir='ltr'>te</span> <span class='ocrx_word' id='word_1_242' title='bbox 803 4352 960 4415; x_wconf 89' lang='lat' dir='ltr'>nusquam</span> <span class='ocrx_word' id='word_1_243' title='bbox 982 4333 1150 4414; x_wconf 80' lang='lat' dir='ltr'>poterant3</span> 
     </span>
     <span class='ocr_line' id='line_1_39' title="bbox 393 4431 1190 4524; baseline -0.004 -21"><span class='ocrx_word' id='word_1_244' title='bbox 393 4431 424 4503; x_wconf 84' lang='lat' dir='ltr'>A</span> <span class='ocrx_word' id='word_1_245' title='bbox 446 4432 588 4504; x_wconf 66' lang='lat' dir='ltr'>unusne</span> <span class='ocrx_word' id='word_1_246' title='bbox 609 4435 704 4505; x_wconf 85' lang='lat' dir='ltr'>modo</span> <span class='ocrx_word' id='word_1_247' title='bbox 726 4438 784 4503; x_wconf 86' lang='lat' dir='ltr'>tua</span> <span class='ocrx_word' id='word_1_248' title='bbox 805 4456 869 4500; x_wconf 92' lang='lat' dir='ltr'>non</span> <span class='ocrx_word' id='word_1_249' title='bbox 891 4439 1064 4524; x_wconf 85' lang='lat' dir='ltr'>potueruut</span> <span class='ocrx_word' id='word_1_250' title='bbox 1086 4431 1190 4518; x_wconf 82' lang='lat' dir='ltr'>avelli,</span> 
     </span>
    </p>
   </div>
   <div class='ocr_carea' id='block_1_3' title="bbox 0 0 1513 5124">
    <p class='ocr_par' dir='ltr' id='par_1_3' title="bbox 0 0 1513 5124">
     <span class='ocr_line' id='line_1_40' title="bbox 0 0 1513 5124; baseline 0 0"><span class='ocrx_word' id='word_1_251' title='bbox 0 0 1513 5124; x_wconf 95' lang='lat' dir='ltr'> </span> 
     </span>
    </p>
   </div>
  </div>
 </body>
</html>
