3000 5125
665 404 729 469 253

218 593 270 632 ⁷⁶2⁶
295 575 409 641 1111111
432 578 589 663 unigeniti
611 578 686 644 Jesu
710 581 910 666 gratulanter

294 680 463 767 Ingredere
486 684 622 763 deliciae,
646 690 678 750 et
700 708 805 751 secum
827 687 995 752 iocundare

293 786 338 850 Et
359 787 392 850 in
415 788 480 851 suis
501 788 536 852 in
560 794 703 854 eternum
725 792 850 875 gaudiis
873 792 1001 857 letare«

338 1103 456 1177 Maria
483 1106 686 1199 suscipitur
713 1131 736 1179 a
764 1110 925 1184 secundo
952 1111 1076 1184 choro.

294 1314 379 1380 Hinc
400 1317 571 1380 secundum
593 1315 799 1400 pertransivit
820 1321 922 1382 mater
945 1317 994 1381 dei
1017 1318 1159 1398 chorum,

292 1419 329 1484 ln
352 1420 517 1504 scripturis
539 1422 595 1505 qui
617 1424 746 1485 vocatus
770 1425 818 1485 est
844 1421 1166 1506 »archangelorum«.

215 1542 267 1579 ⁷⁶³0
293 1522 384 1589 Illius
407 1525 495 1589 chori
517 1525 649 1608 spiritus
672 1524 777 1588 cuncti
799 1525 1019 1603 convolabant,

291 1627 382 1692 Hanc
404 1629 536 1693 canticis
559 1632 591 1692 et
612 1628 720 1692 iubilis
742 1628 881 1692 dieentes
904 1629 1097 1695 adorabant:

293 1732 379 1809 »Qua
402 1735 451 1797 est
471 1733 533 1796 ista
555 1754 617 1815 que
637 1732 780 1816 procedit
800 1753 992 1817 consurgens
1014 1739 1050 1798 ut
1072 1733 1208 1814 Aurora,

198 1885 202 1890 -
288 1837 356 1914 Que
377 1837 481 1923 fulget
502 1838 670 1921 plusquam
692 1836 793 1900 sidera
815 1836 873 1901 celi
895 1837 1102 1920 pulchriora?

291 1943 358 2007 Hec
380 1946 428 2006 est
449 1942 506 2006 illa
528 1942 631 2007 Maria
653 1963 714 2024 que
736 1942 852 2006 claruit
873 1943 907 2005 in
930 1944 1047 2007 mundo

213 2065 264 2102 ²⁶³⁶
291 2047 402 2116 Tantis
423 2049 457 2111 in
480 2047 663 2124 virtutibus,
687 2068 810 2130 semper
831 2048 923 2112 corde
945 2051 1072 2114 mundo.

162 2195 170 2206 ·
290 2151 358 2216 Hec
379 2155 427 2216 est
449 2151 505 2214 illa
527 2172 585 2234 pro
608 2172 671 2234 qna
692 2150 768 2214 deus
790 2172 823 2214 se
836 2151 1029 2232 exinanivit,

289 2255 424 2340 Propter
446 2278 541 2340 quam
563 2256 735 2319 humanam
758 2255 819 2319 sibi
840 2259 989 2321 naturam
1012 2259 1165 2323 adimivit.

289 2361 357 2426 Hec
379 2366 427 2427 est
448 2361 505 2425 illa
526 2359 615 2424 cuius
637 2361 714 2424 deus
738 2360 857 2425 amavit
879 2361 1058 2428 castitatem

287 2467 332 2531 Et
354 2470 484 2551 propter
505 2465 588 2530 hanc
609 2464 790 2528 humiliavit
812 2487 902 2529 suam
924 2467 1083 2532 deitatem.

210 2591 262 2628 ‘1⁶⁴⁰
287 2572 362 2657 Ipsa
382 2573 485 2656 primo
507 2572 624 2635 mundo
647 2571 733 2635 dedit
756 2571 912 2636 castitatis
933 2572 1046 2658 legem,

265 2706 269 2715 ·
288 2678 349 2743 Per
371 2680 432 2743 hoc
453 2677 515 2742 sibi
537 2696 688 2759 sponsum
711 2675 788 2740 fecit
809 2678 996 2760 angelorum
1017 2698 1134 2762 regem.

289 2783 357 2848 Hec
378 2806 452 2847 nam
474 2784 558 2846 inter
580 2782 720 2866 virgines
742 2782 846 2866 primo
868 2782 1025 2847 castitatis

287 2889 355 2954 Deo
377 2911 434 2954 suo
457 2892 567 2952 votnm
588 2886 664 2951 fecit
686 2891 717 2952 et
739 2886 945 2971 virginitatis.

286 2993 337 3058 Ex
359 2994 504 3059 omnibus
527 2993 708 3058 hominibus
730 2994 823 3058 nobis
845 2994 1025 3078 coequalem

210 3117 261 3154 ⁷⁶⁴⁵
289 3099 381 3164 Hanc
402 3101 502 3165 solam
524 3122 581 3164 nos
604 3098 781 3163 invenimus
804 3121 859 3183 per
881 3100 1003 3163 cultum
1025 3098 1222 3182 virginalem.

286 3204 317 3269 N
320 3227 371 3269 am
393 3227 515 3289 semper
537 3205 618 3269 sicut
640 3203 771 3289 angelus
793 3205 828 3267 in
850 3226 907 3269 sua
928 3205 1075 3269 castitate

287 3309 386 3390 Vixit,
410 3314 467 3375 aut
487 3308 717 3394 Archangelus‚
740 3310 774 3373 in
798 3310 991 3395 virginitate.

287 3415 376 3500 Ergo
398 3417 447 3479 sui
469 3415 619 3480 creatoris
642 3415 782 3499 genitrix
804 3419 852 3480 est
873 3414 969 3492 facta,

286 3519 388 3606 Virgo
410 3525 516 3585 tamen
539 3543 725 3604 permanens
746 3543 869 3604 semper
891 3521 999 3584 incont
1036 3523 1079 3583 ta.

210 3644 261 3681 raso
288 3625 347 3690 Per
369 3630 474 3690 totum
497 3626 648 3690 mundum
670 3625 789 3689 femina
810 3616 874 3688 ndn
897 3629 945 3690 est
966 3626 1096 3688 inventa
1119 3623 1193 3686 talis

287 3729 354 3805 Que
376 3730 467 3794 nobis
490 3732 595 3812 posset
617 3730 756 3793 castitati
778 3729 846 3794 fore
868 3730 1035 3813 coequalis.

287 3834 354 3899 Hec
376 3836 466 3919 virgo
489 3834 554 3897 suis
577 3833 698 3897 meritis
722 3832 848 3897 excellit
869 3834 1032 3897 universos

287 3938 387 4023 Super
408 3940 538 4003 celestos
561 3938 691 4022 spiritus
713 3941 902 4021 sanctosque
924 3937 1072 4002 diversos.

285 4045 373 4129 Ergo
395 4045 473 4109 felix
495 4048 527 4108 et
549 4044 651 4120 beata,
675 4065 746 4107 cum
769 4042 886 4127 gaudio
909 4043 1050 4126 procede,

209 4170 260 4205 ⁷⁶⁶⁶
286 4152 331 4215 Et
353 4151 392 4214 ad
414 4151 463 4214 tui
484 4148 544 4212 filii
566 4150 726 4212 dexteram
750 4148 870 4224 accede,

286 4254 332 4320 Ut
354 4255 394 4320 ab
417 4277 454 4319 ec
476 4253 644 4328 coroneris,
668 4274 772 4316 secum
795 4256 978 4336 regnatura,

285 4360 323 4426 ln
345 4361 473 4445 suisque
495 4358 614 4424 deliciis
637 4362 788 4442 perpetuo
812 4358 934 4422 victura
947 4360 975 4422 κ(
