3000 5125
807 411 871 476 268

417 586 497 653 Jesu
518 587 568 653 sui
589 586 659 669 filii,
682 586 733 653 vel
753 586 834 653 illud
857 588 1050 674 procurabit,

418 690 466 759 Ut
488 715 594 758 coram
616 715 653 758 eo
675 694 868 779 perlegatur,
891 694 941 759 vel
963 693 1044 758 illud
1067 692 1239 773 ordinabit,

316 804 319 808 ’
418 796 466 864 Ut
486 796 539 861 hic
560 797 642 862 liber
662 796 761 864 fuerit
784 798 921 883 scriptus
944 799 983 862 ad
1006 797 1107 864 Marie

417 901 557 968 Laudem
579 906 675 988 atque
695 902 775 969 Jesu
798 902 927 982 Christi,
950 901 1049 988 prolis
1072 924 1128 968 sue
1149 903 1211 987 pie,

340 1027 392 1064 0000
418 1006 563 1089 Noverit,
587 1031 620 1073 se
641 1008 727 1074 mala
748 1012 851 1073 morte
874 1028 1038 1092 nunquam
1060 1005 1263 1085 moriturum,

417 1112 485 1179 Neo
507 1114 575 1179 sine
597 1114 773 1198 penitentia
793 1113 831 1179 de
853 1113 920 1178 vita
942 1112 1161 1191 discessum

417 1218 597 1283 Dummodo
620 1218 776 1283 catholice
797 1217 870 1284 fidei
893 1217 1013 1283 zelator

417 1324 529 1389 Fuerit
550 1329 582 1389 et
603 1322 681 1390 Jesu
703 1324 816 1388 matris
838 1326 870 1388 et
892 1322 1027 1409 virginis
1050 1323 1184 1400 amator,

419 1427 486 1505 Que
507 1450 580 1493 oum
602 1451 659 1494 suo
681 1429 749 1493 filio
771 1428 815 1494 sit
836 1433 960 1512 seniper
982 1426 1157 1506 benedicta,

272 1581 277 1589 ·
340 1551 392 1591 ⁸0²⁶
419 1533 466 1601 Ut
487 1535 557 1619 ipsa
579 1538 689 1599 nostra
710 1534 844 1600 crimina
868 1532 1002 1618 repellat
1024 1536 1057 1598 et
1079 1532 1201 1599 delicta.

419 1638 526 1724 Atque
550 1639 732 1705 benedictus
755 1641 799 1705 sit
820 1639 905 1705 filius
927 1640 962 1703 in
983 1642 1096 1719 matre,

420 1744 525 1811 Mater
547 1749 643 1830 atque
664 1745 750 1810 filius
773 1747 839 1811 sint
860 1746 895 1809 in
917 1745 975 1809 deo
997 1748 1088 1829 patre

418 1850 580 1915 Benedicti
602 1851 662 1916 sub
684 1851 805 1916 honore
827 1851 958 1936 spiritus
981 1849 1148 1915 amborum

419 1953 535 2020 Omnia
556 1978 613 2041 per
634 1958 739 2022 secula
761 1960 948 2021 cunctorum
969 1955 1156 2021 seculorum.
1204 1954 1316 2019 Amen.

340 2079 392 2115 0000
420 2058 469 2126 Sit
491 2058 569 2126 Jesu
592 2060 671 2141 laus,
695 2067 727 2126 et
749 2061 854 2147 gloria
876 2061 919 2126 sit
941 2061 1060 2147 virgini
1082 2060 1193 2140 Marie,

419 2165 510 2243 Quod
531 2168 724 2252 completum
745 2190 872 2234 carmen
895 2172 943 2234 est
963 2168 1058 2233 huius
1080 2166 1261 2253 hymnodie.
1297 2165 1402 2230 Amen

262 2510 424 2607 Explicit
458 2514 539 2587 vita
574 2515 786 2590 dulcissime
824 2501 869 2589 et
896 2516 1080 2612 piissime,
1121 2516 1333 2591 venerande
1369 2519 1404 2592 et

261 2635 462 2723 laudande,
490 2637 649 2731 gloriose
674 2643 713 2712 et
733 2640 909 2734 speciose,
938 2640 1122 2734 diligende
1140 2643 1179 2713 et
1199 2640 1401 2728 metuende,
1483 2724 1484 2741 χ

264 2759 487 2834 venerabilis
515 2765 555 2833 et
582 2762 755 2836 amabilis
782 2763 938 2857 virginis
961 2762 1092 2852 Marie,
1120 2765 1193 2858 q'ue
1222 2785 1308 2837 cum
1333 2763 1401 2838 filio
1483 2758 1484 2785 l

322 2903 391 2954 suo
417 2883 509 2957 Jesu
536 2884 684 2959 Christo
711 2886 763 2958 sit
790 2908 936 2982 semper
963 2882 1177 2961 benedicta!
1224 2886 1354 2961 Amen.
