<?xml version="1.0" encoding="UTF-8"?>
<!DOCTYPE html PUBLIC "-//W3C//DTD XHTML 1.0 Transitional//EN"
    "http://www.w3.org/TR/xhtml1/DTD/xhtml1-transitional.dtd">
<html xmlns="http://www.w3.org/1999/xhtml" xml:lang="en" lang="en">
 <head>
  <title>
</title>
<meta http-equiv="Content-Type" content="text/html;charset=utf-8" />
  <meta name='ocr-system' content='tesseract 3.04.00' />
  <meta name='ocr-capabilities' content='ocr_page ocr_carea ocr_par ocr_line ocrx_word'/>
</head>
<body>
  <div class='ocr_page' id='page_1' title='image "./vitabeatevirgin02vggoog_0268.png"; bbox 0 0 3000 5125; ppageno 0'>
   <div class='ocr_carea' id='block_1_1' title="bbox 767 401 831 464">
    <p class='ocr_par' dir='ltr' id='par_1_1' title="bbox 767 401 831 464">
     <span class='ocr_line' id='line_1_1' title="bbox 767 401 831 464; baseline 0 0"><span class='ocrx_word' id='word_1_1' title='bbox 767 401 831 464; x_wconf 83' lang='lat'>256</span> 
     </span>
    </p>
   </div>
   <div class='ocr_carea' id='block_1_2' title="bbox 305 573 1226 2842">
    <p class='ocr_par' dir='ltr' id='par_1_2' title="bbox 305 573 1226 2842">
     <span class='ocr_line' id='line_1_2' title="bbox 383 573 1193 659; baseline -0.002 -20"><span class='ocrx_word' id='word_1_2' title='bbox 383 575 451 639; x_wconf 90' lang='lat' dir='ltr'>Hec</span> <span class='ocrx_word' id='word_1_3' title='bbox 473 579 521 639; x_wconf 90' lang='lat' dir='ltr'>est</span> <span class='ocrx_word' id='word_1_4' title='bbox 542 574 599 638; x_wconf 84' lang='lat' dir='ltr'>illa</span> <span class='ocrx_word' id='word_1_5' title='bbox 621 573 725 638; x_wconf 87' lang='lat' dir='ltr'>Maria</span> <span class='ocrx_word' id='word_1_6' title='bbox 748 597 810 659; x_wconf 89' lang='lat' dir='ltr'>qne</span> <span class='ocrx_word' id='word_1_7' title='bbox 831 575 995 658; x_wconf 84' lang='lat' dir='ltr'>demonem</span> <span class='ocrx_word' id='word_1_8' title='bbox 1017 576 1193 658; x_wconf 88' lang='lat' dir='ltr'>prostravit</span> 
     </span>
     <span class='ocr_line' id='line_1_3' title="bbox 306 679 966 745; baseline 0 -1"><span class='ocrx_word' id='word_1_9' title='bbox 306 700 359 735; x_wconf 76' lang='lat'>⁷⁶2⁵</span> <span class='ocrx_word' id='word_1_10' title='bbox 386 679 458 745; x_wconf 82' lang='lat' dir='ltr'>Suis</span> <span class='ocrx_word' id='word_1_11' title='bbox 480 681 513 744; x_wconf 94' lang='lat' dir='ltr'>in</span> <span class='ocrx_word' id='word_1_12' title='bbox 535 679 708 745; x_wconf 87' lang='lat' dir='ltr'>virtutibus</span> <span class='ocrx_word' id='word_1_13' title='bbox 731 684 763 744; x_wconf 87' lang='lat' dir='ltr'>et</span> <span class='ocrx_word' id='word_1_14' title='bbox 784 680 966 744; x_wconf 87' lang='lat' dir='ltr'>humiliavit</span> 
     </span>
     <span class='ocr_line' id='line_1_4' title="bbox 381 783 1226 867; baseline 0 -18"><span class='ocrx_word' id='word_1_15' title='bbox 381 784 484 849; x_wconf 91' lang='lat' dir='ltr'>Deum</span> <span class='ocrx_word' id='word_1_16' title='bbox 506 787 679 849; x_wconf 76' lang='lat' dir='ltr'><strong>creatorem</strong></span> <span class='ocrx_word' id='word_1_17' title='bbox 701 805 805 862; x_wconf 83' lang='lat' dir='ltr'>suum,</span> <span class='ocrx_word' id='word_1_18' title='bbox 828 783 912 867; x_wconf 89' lang='lat' dir='ltr'>quod</span> <span class='ocrx_word' id='word_1_19' title='bbox 935 787 983 847; x_wconf 90' lang='lat' dir='ltr'>est</span> <span class='ocrx_word' id='word_1_20' title='bbox 1005 783 1102 847; x_wconf 91' lang='lat' dir='ltr'>homo</span> <span class='ocrx_word' id='word_1_21' title='bbox 1124 784 1226 849; x_wconf 86' lang='lat' dir='ltr'>factus</span> 
     </span>
     <span class='ocr_line' id='line_1_5' title="bbox 380 887 1056 953; baseline 0 -2"><span class='ocrx_word' id='word_1_22' title='bbox 380 887 426 953; x_wconf 80' lang='lat' dir='ltr'>Et</span> <span class='ocrx_word' id='word_1_23' title='bbox 446 890 565 953; x_wconf 83' lang='lat' dir='ltr'>intrare</span> <span class='ocrx_word' id='word_1_24' title='bbox 588 909 680 952; x_wconf 85' lang='lat' dir='ltr'>suum</span> <span class='ocrx_word' id='word_1_25' title='bbox 703 891 752 951; x_wconf 83' lang='lat' dir='ltr'>est</span> <span class='ocrx_word' id='word_1_26' title='bbox 773 890 899 951; x_wconf 88' lang='lat' dir='ltr'>uterum</span> <span class='ocrx_word' id='word_1_27' title='bbox 921 890 1056 952; x_wconf 85' lang='lat' dir='ltr'>coactus.</span> 
     </span>
     <span class='ocr_line' id='line_1_6' title="bbox 382 991 1003 1078; baseline -0.002 -20"><span class='ocrx_word' id='word_1_28' title='bbox 382 991 467 1058; x_wconf 89' lang='lat' dir='ltr'>Nam</span> <span class='ocrx_word' id='word_1_29' title='bbox 489 993 588 1078; x_wconf 89' lang='lat' dir='ltr'>ipsius</span> <span class='ocrx_word' id='word_1_30' title='bbox 610 996 737 1057; x_wconf 88' lang='lat' dir='ltr'>uterum</span> <span class='ocrx_word' id='word_1_31' title='bbox 760 993 835 1057; x_wconf 88' lang='lat' dir='ltr'>dens</span> <span class='ocrx_word' id='word_1_32' title='bbox 857 993 1003 1057; x_wconf 76' lang='lat' dir='ltr'>introivit</span> 
     </span>
     <span class='ocr_line' id='line_1_7' title="bbox 382 1098 1111 1179; baseline 0.003 -17"><span class='ocrx_word' id='word_1_33' title='bbox 382 1098 426 1163; x_wconf 82' lang='lat' dir='ltr'>Et</span> <span class='ocrx_word' id='word_1_34' title='bbox 448 1099 489 1162; x_wconf 87' lang='lat' dir='ltr'>ab</span> <span class='ocrx_word' id='word_1_35' title='bbox 511 1121 547 1163; x_wconf 88' lang='lat' dir='ltr'>ea</span> <span class='ocrx_word' id='word_1_36' title='bbox 569 1120 695 1163; x_wconf 83' lang='lat' dir='ltr'>sumens</span> <span class='ocrx_word' id='word_1_37' title='bbox 718 1120 845 1163; x_wconf 88' lang='lat' dir='ltr'>carnem</span> <span class='ocrx_word' id='word_1_38' title='bbox 865 1099 982 1163; x_wconf 88' lang='lat' dir='ltr'>iterum</span> <span class='ocrx_word' id='word_1_39' title='bbox 1004 1099 1111 1179; x_wconf 76' lang='lat' dir='ltr'>exivit,</span> 
     </span>
     <span class='ocr_line' id='line_1_8' title="bbox 305 1201 1104 1288; baseline 0.006 -22"><span class='ocrx_word' id='word_1_40' title='bbox 305 1221 356 1258; x_wconf 74' lang='lat'>⁷⁶³⁰</span> <span class='ocrx_word' id='word_1_41' title='bbox 382 1201 457 1287; x_wconf 90' lang='lat' dir='ltr'>Ipsa</span> <span class='ocrx_word' id='word_1_42' title='bbox 480 1208 587 1269; x_wconf 84' lang='lat' dir='ltr'>temen</span> <span class='ocrx_word' id='word_1_43' title='bbox 608 1205 734 1288; x_wconf 82' lang='lat' dir='ltr'>virgine</span> <span class='ocrx_word' id='word_1_44' title='bbox 756 1226 878 1287; x_wconf 79' lang='lat' dir='ltr'>semper</span> <span class='ocrx_word' id='word_1_45' title='bbox 900 1209 1104 1288; x_wconf 76' lang='lat' dir='ltr'>permanente</span> 
     </span>
     <span class='ocr_line' id='line_1_9' title="bbox 385 1309 1187 1394; baseline 0.002 -22"><span class='ocrx_word' id='word_1_46' title='bbox 385 1309 471 1373; x_wconf 83' lang='lat' dir='ltr'>Ante</span> <span class='ocrx_word' id='word_1_47' title='bbox 493 1315 620 1393; x_wconf 87' lang='lat' dir='ltr'>partum</span> <span class='ocrx_word' id='word_1_48' title='bbox 643 1313 675 1374; x_wconf 91' lang='lat' dir='ltr'>et</span> <span class='ocrx_word' id='word_1_49' title='bbox 696 1309 730 1372; x_wconf 89' lang='lat' dir='ltr'>in</span> <span class='ocrx_word' id='word_1_50' title='bbox 753 1313 848 1393; x_wconf 88' lang='lat' dir='ltr'>partu</span> <span class='ocrx_word' id='word_1_51' title='bbox 870 1314 1026 1394; x_wconf 88' lang='lat' dir='ltr'>partuque</span> <span class='ocrx_word' id='word_1_52' title='bbox 1047 1310 1187 1374; x_wconf 83' lang='lat' dir='ltr'>finiente.</span> 
     </span>
     <span class='ocr_line' id='line_1_10' title="bbox 384 1413 1122 1489; baseline 0.001 -11"><span class='ocrx_word' id='word_1_53' title='bbox 384 1414 428 1489; x_wconf 82' lang='lat' dir='ltr'>Et</span> <span class='ocrx_word' id='word_1_54' title='bbox 449 1415 534 1479; x_wconf 81' lang='lat' dir='ltr'>hunc</span> <span class='ocrx_word' id='word_1_55' title='bbox 557 1437 650 1479; x_wconf 87' lang='lat' dir='ltr'>suum</span> <span class='ocrx_word' id='word_1_56' title='bbox 671 1413 774 1478; x_wconf 85' lang='lat' dir='ltr'>filium</span> <span class='ocrx_word' id='word_1_57' title='bbox 797 1414 889 1479; x_wconf 89' lang='lat' dir='ltr'>deum</span> <span class='ocrx_word' id='word_1_58' title='bbox 911 1415 970 1479; x_wconf 88' lang='lat' dir='ltr'>hec</span> <span class='ocrx_word' id='word_1_59' title='bbox 990 1415 1122 1479; x_wconf 77' lang='lat' dir='ltr'>lactavit</span> 
     </span>
     <span class='ocr_line' id='line_1_11' title="bbox 384 1517 1052 1605; baseline 0 -23"><span class='ocrx_word' id='word_1_60' title='bbox 384 1517 528 1605; x_wconf 85' lang='lat' dir='ltr'>Virginis</span> <span class='ocrx_word' id='word_1_61' title='bbox 551 1518 700 1582; x_wconf 82' lang='lat' dir='ltr'>uberibus</span> <span class='ocrx_word' id='word_1_62' title='bbox 724 1523 758 1582; x_wconf 87' lang='lat' dir='ltr'>et</span> <span class='ocrx_word' id='word_1_63' title='bbox 780 1518 883 1601; x_wconf 86' lang='lat' dir='ltr'>ipsum</span> <span class='ocrx_word' id='word_1_64' title='bbox 906 1518 1052 1582; x_wconf 84' lang='lat' dir='ltr'>educavit</span> 
     </span>
     <span class='ocr_line' id='line_1_12' title="bbox 385 1623 1131 1707; baseline 0.001 -20"><span class='ocrx_word' id='word_1_65' title='bbox 385 1623 509 1688; x_wconf 86' lang='lat' dir='ltr'>Novem</span> <span class='ocrx_word' id='word_1_66' title='bbox 531 1624 622 1687; x_wconf 89' lang='lat' dir='ltr'>annis</span> <span class='ocrx_word' id='word_1_67' title='bbox 645 1626 678 1687; x_wconf 88' lang='lat' dir='ltr'>et</span> <span class='ocrx_word' id='word_1_68' title='bbox 699 1623 816 1707; x_wconf 87' lang='lat' dir='ltr'>viginti</span> <span class='ocrx_word' id='word_1_69' title='bbox 838 1645 991 1687; x_wconf 89' lang='lat' dir='ltr'>manuum</span> <span class='ocrx_word' id='word_1_70' title='bbox 1012 1624 1131 1700; x_wconf 85' lang='lat' dir='ltr'>labore,</span> 
     </span>
     <span class='ocr_line' id='line_1_13' title="bbox 308 1726 1069 1819; baseline 0.005 -29"><span class='ocrx_word' id='word_1_71' title='bbox 308 1747 359 1783; x_wconf 74' lang='lat'>⁷⁰³⁶</span> <span class='ocrx_word' id='word_1_72' title='bbox 387 1726 423 1791; x_wconf 91' lang='lat' dir='ltr'>In</span> <span class='ocrx_word' id='word_1_73' title='bbox 446 1748 564 1813; x_wconf 85' lang='lat' dir='ltr'>magna</span> <span class='ocrx_word' id='word_1_74' title='bbox 585 1727 740 1811; x_wconf 87' lang='lat' dir='ltr'>patientia</span> <span class='ocrx_word' id='word_1_75' title='bbox 762 1728 918 1819; x_wconf 81' lang='lat' dir='ltr'>cordeque</span> <span class='ocrx_word' id='word_1_76' title='bbox 939 1751 1069 1794; x_wconf 89' lang='lat' dir='ltr'>merore.</span> 
     </span>
     <span class='ocr_line' id='line_1_14' title="bbox 386 1832 1093 1918; baseline 0.001 -23"><span class='ocrx_word' id='word_1_77' title='bbox 386 1832 454 1896; x_wconf 89' lang='lat' dir='ltr'>Hec</span> <span class='ocrx_word' id='word_1_78' title='bbox 475 1854 550 1895; x_wconf 85' lang='lat' dir='ltr'>nam</span> <span class='ocrx_word' id='word_1_79' title='bbox 572 1832 779 1897; x_wconf 81' lang='lat' dir='ltr'>emulationes</span> <span class='ocrx_word' id='word_1_80' title='bbox 797 1832 918 1918; x_wconf 80' lang='lat' dir='ltr'>multas</span> <span class='ocrx_word' id='word_1_81' title='bbox 941 1856 961 1898; x_wconf 87' lang='lat' dir='ltr'>a</span> <span class='ocrx_word' id='word_1_82' title='bbox 982 1832 1093 1898; x_wconf 84' lang='lat' dir='ltr'>Jndeis</span> 
     </span>
     <span class='ocr_line' id='line_1_15' title="bbox 363 1936 1126 2020; baseline 0.001 -19"><span class='ocrx_word' id='word_1_83' title='bbox 363 1953 366 1958; x_wconf 86' lang='grc'><em>·</em></span> <span class='ocrx_word' id='word_1_84' title='bbox 387 1937 448 2002; x_wconf 81' lang='lat' dir='ltr'>Est</span> <span class='ocrx_word' id='word_1_85' title='bbox 470 1958 562 2019; x_wconf 87' lang='lat' dir='ltr'>passa</span> <span class='ocrx_word' id='word_1_86' title='bbox 585 1939 714 2020; x_wconf 89' lang='lat' dir='ltr'>propter</span> <span class='ocrx_word' id='word_1_87' title='bbox 735 1936 839 2001; x_wconf 87' lang='lat' dir='ltr'>filium</span> <span class='ocrx_word' id='word_1_88' title='bbox 862 1942 894 2002; x_wconf 91' lang='lat' dir='ltr'>et</span> <span class='ocrx_word' id='word_1_89' title='bbox 916 1961 935 2002; x_wconf 90' lang='lat' dir='ltr'>a</span> <span class='ocrx_word' id='word_1_90' title='bbox 958 1937 1126 2003; x_wconf 85' lang='lat' dir='ltr'>Phariseis.</span> 
     </span>
     <span class='ocr_line' id='line_1_16' title="bbox 387 2041 1129 2124; baseline 0 -19"><span class='ocrx_word' id='word_1_91' title='bbox 387 2041 505 2105; x_wconf 85' lang='lat' dir='ltr'>Tamen</span> <span class='ocrx_word' id='word_1_92' title='bbox 529 2045 597 2106; x_wconf 85' lang='lat' dir='ltr'>erat</span> <span class='ocrx_word' id='word_1_93' title='bbox 617 2042 741 2124; x_wconf 87' lang='lat' dir='ltr'>patiens</span> <span class='ocrx_word' id='word_1_94' title='bbox 765 2043 798 2105; x_wconf 87' lang='lat' dir='ltr'>in</span> <span class='ocrx_word' id='word_1_95' title='bbox 821 2043 967 2106; x_wconf 88' lang='lat' dir='ltr'>omnibus</span> <span class='ocrx_word' id='word_1_96' title='bbox 990 2043 1129 2107; x_wconf 84' lang='lat' dir='ltr'>adversis</span> 
     </span>
     <span class='ocr_line' id='line_1_17' title="bbox 387 2146 1068 2211; baseline 0 0"><span class='ocrx_word' id='word_1_97' title='bbox 387 2146 435 2211; x_wconf 87' lang='lat' dir='ltr'>Ac</span> <span class='ocrx_word' id='word_1_98' title='bbox 457 2146 719 2210; x_wconf 87' lang='lat' dir='ltr'>tribulationibus</span> <span class='ocrx_word' id='word_1_99' title='bbox 741 2147 851 2211; x_wconf 91' lang='lat' dir='ltr'>multis</span> <span class='ocrx_word' id='word_1_100' title='bbox 873 2151 906 2211; x_wconf 91' lang='lat' dir='ltr'>et</span> <span class='ocrx_word' id='word_1_101' title='bbox 928 2148 1068 2211; x_wconf 85' lang='lat' dir='ltr'>diversis.</span> 
     </span>
     <span class='ocr_line' id='line_1_18' title="bbox 308 2250 1052 2336; baseline 0.003 -22"><span class='ocrx_word' id='word_1_102' title='bbox 308 2272 360 2309; x_wconf 72' lang='lat'><strong>⁷⁶⁴0</strong></span> <span class='ocrx_word' id='word_1_103' title='bbox 386 2250 431 2315; x_wconf 81' lang='grc'>111</span> <span class='ocrx_word' id='word_1_104' title='bbox 451 2273 507 2334; x_wconf 87' lang='lat' dir='ltr'>per</span> <span class='ocrx_word' id='word_1_105' title='bbox 530 2251 716 2333; x_wconf 87' lang='lat' dir='ltr'>patientiam</span> <span class='ocrx_word' id='word_1_106' title='bbox 739 2254 867 2316; x_wconf 89' lang='lat' dir='ltr'>cunctos</span> <span class='ocrx_word' id='word_1_107' title='bbox 890 2254 1052 2336; x_wconf 84' lang='lat' dir='ltr'>superavit</span> 
     </span>
     <span class='ocr_line' id='line_1_19' title="bbox 387 2355 1071 2421; baseline 0.004 -3"><span class='ocrx_word' id='word_1_108' title='bbox 387 2355 464 2419; x_wconf 83' lang='lat' dir='ltr'>Eius</span> <span class='ocrx_word' id='word_1_109' title='bbox 487 2356 682 2419; x_wconf 83' lang='lat' dir='ltr'>adversarios</span> <span class='ocrx_word' id='word_1_110' title='bbox 705 2360 737 2420; x_wconf 88' lang='lat' dir='ltr'>et</span> <span class='ocrx_word' id='word_1_111' title='bbox 759 2357 906 2421; x_wconf 89' lang='lat' dir='ltr'>demones</span> <span class='ocrx_word' id='word_1_112' title='bbox 929 2357 1071 2421; x_wconf 84' lang='lat' dir='ltr'>calcavit.</span> 
     </span>
     <span class='ocr_line' id='line_1_20' title="bbox 386 2459 1126 2545; baseline 0.005 -22"><span class='ocrx_word' id='word_1_113' title='bbox 386 2460 465 2524; x_wconf 84' lang='lat' dir='ltr'>Eia!</span> <span class='ocrx_word' id='word_1_114' title='bbox 489 2481 565 2545; x_wconf 90' lang='lat' dir='ltr'>ergo</span> <span class='ocrx_word' id='word_1_115' title='bbox 587 2459 678 2544; x_wconf 84' lang='lat' dir='ltr'>virgo</span> <span class='ocrx_word' id='word_1_116' title='bbox 701 2460 788 2538; x_wconf 77' lang='lat' dir='ltr'>felix,</span> <span class='ocrx_word' id='word_1_117' title='bbox 812 2466 844 2525; x_wconf 91' lang='lat' dir='ltr'>et</span> <span class='ocrx_word' id='word_1_118' title='bbox 866 2461 1001 2526; x_wconf 89' lang='lat' dir='ltr'>nimium</span> <span class='ocrx_word' id='word_1_119' title='bbox 1021 2461 1126 2544; x_wconf 82' lang='lat' dir='ltr'>beata,</span> 
     </span>
     <span class='ocr_line' id='line_1_21' title="bbox 386 2564 1102 2650; baseline 0.004 -22"><span class='ocrx_word' id='word_1_120' title='bbox 386 2564 578 2635; x_wconf 87' lang='lat' dir='ltr'>Hominibus</span> <span class='ocrx_word' id='word_1_121' title='bbox 601 2570 634 2629; x_wconf 90' lang='lat' dir='ltr'>et</span> <span class='ocrx_word' id='word_1_122' title='bbox 655 2566 778 2650; x_wconf 83' lang='lat' dir='ltr'>angelis</span> <span class='ocrx_word' id='word_1_123' title='bbox 801 2568 923 2632; x_wconf 89' lang='lat' dir='ltr'>cunctis</span> <span class='ocrx_word' id='word_1_124' title='bbox 946 2568 1102 2644; x_wconf 82' lang='lat' dir='ltr'>affectata,</span> 
     </span>
     <span class='ocr_line' id='line_1_22' title="bbox 388 2669 1115 2746; baseline 0.003 -13"><span class='ocrx_word' id='word_1_125' title='bbox 388 2670 529 2734; x_wconf 84' lang='lat' dir='ltr'>Ascende</span> <span class='ocrx_word' id='word_1_126' title='bbox 551 2691 623 2732; x_wconf 87' lang='lat' dir='ltr'>cnm</span> <span class='ocrx_word' id='word_1_127' title='bbox 646 2669 759 2746; x_wconf 83' lang='lat' dir='ltr'>letitia,</span> <span class='ocrx_word' id='word_1_128' title='bbox 782 2693 866 2735; x_wconf 90' lang='lat' dir='ltr'>nunc</span> <span class='ocrx_word' id='word_1_129' title='bbox 888 2676 925 2736; x_wconf 91' lang='lat' dir='ltr'>ut</span> <span class='ocrx_word' id='word_1_130' title='bbox 946 2671 1115 2737; x_wconf 88' lang='lat' dir='ltr'>consoleris</span> 
     </span>
     <span class='ocr_line' id='line_1_23' title="bbox 310 2771 1032 2842; baseline 0.001 -6"><span class='ocrx_word' id='word_1_131' title='bbox 310 2792 361 2829; x_wconf 74' lang='lat'>⁷⁶⁴⁶</span> <span class='ocrx_word' id='word_1_132' title='bbox 388 2773 432 2837; x_wconf 82' lang='lat' dir='ltr'>Et</span> <span class='ocrx_word' id='word_1_133' title='bbox 454 2797 525 2838; x_wconf 91' lang='lat' dir='ltr'>eum</span> <span class='ocrx_word' id='word_1_134' title='bbox 546 2771 626 2837; x_wconf 86' lang='lat' dir='ltr'>Jesn</span> <span class='ocrx_word' id='word_1_135' title='bbox 646 2772 715 2837; x_wconf 91' lang='lat' dir='ltr'>filio</span> <span class='ocrx_word' id='word_1_136' title='bbox 737 2777 794 2838; x_wconf 88' lang='lat' dir='ltr'>tuo</span> <span class='ocrx_word' id='word_1_137' title='bbox 815 2775 1032 2842; x_wconf 73' lang='lat' dir='ltr'>iocunderislr</span> 
     </span>
    </p>
   </div>
   <div class='ocr_carea' id='block_1_3' title="bbox 462 3091 1145 3186">
    <p class='ocr_par' dir='ltr' id='par_1_3' title="bbox 462 3091 1145 3186">
     <span class='ocr_line' id='line_1_24' title="bbox 462 3091 1145 3186; baseline 0.006 -22"><span class='ocrx_word' id='word_1_138' title='bbox 462 3092 583 3164; x_wconf 85' lang='lat' dir='ltr'>Maria</span> <span class='ocrx_word' id='word_1_139' title='bbox 611 3091 812 3186; x_wconf 86' lang='lat' dir='ltr'>suscipitur</span> <span class='ocrx_word' id='word_1_140' title='bbox 839 3119 863 3165; x_wconf 85' lang='lat' dir='ltr'>a</span> <span class='ocrx_word' id='word_1_141' title='bbox 889 3098 993 3168; x_wconf 81' lang='lat' dir='ltr'>sexto</span> <span class='ocrx_word' id='word_1_142' title='bbox 1021 3095 1145 3168; x_wconf 86' lang='grc'>011010.</span> 
     </span>
    </p>
   </div>
   <div class='ocr_carea' id='block_1_4' title="bbox 312 3301 1354 4544">
    <p class='ocr_par' dir='ltr' id='par_1_4' title="bbox 312 3301 1354 4544">
     <span class='ocr_line' id='line_1_25' title="bbox 388 3301 1354 3389; baseline 0.001 -24"><span class='ocrx_word' id='word_1_143' title='bbox 388 3301 473 3366; x_wconf 92' lang='lat' dir='ltr'>Hinc</span> <span class='ocrx_word' id='word_1_144' title='bbox 496 3302 536 3365; x_wconf 87' lang='lat' dir='ltr'>ad</span> <span class='ocrx_word' id='word_1_145' title='bbox 559 3301 692 3365; x_wconf 89' lang='lat' dir='ltr'>chorum</span> <span class='ocrx_word' id='word_1_146' title='bbox 713 3301 912 3386; x_wconf 79' lang='lat' dir='ltr'>Angelorum</span> <span class='ocrx_word' id='word_1_147' title='bbox 939 3303 1098 3369; x_wconf 74' lang='lat' dir='ltr'>»Thronir</span> <span class='ocrx_word' id='word_1_148' title='bbox 1123 3307 1178 3389; x_wconf 91' lang='lat' dir='ltr'>qni</span> <span class='ocrx_word' id='word_1_149' title='bbox 1201 3308 1354 3369; x_wconf 84' lang='lat' dir='ltr'>vocantur</span> 
     </span>
     <span class='ocr_line' id='line_1_26' title="bbox 389 3405 1076 3494; baseline 0.004 -24"><span class='ocrx_word' id='word_1_150' title='bbox 389 3405 487 3470; x_wconf 87' lang='lat' dir='ltr'>Venit</span> <span class='ocrx_word' id='word_1_151' title='bbox 509 3407 559 3470; x_wconf 90' lang='lat' dir='ltr'>dei</span> <span class='ocrx_word' id='word_1_152' title='bbox 581 3407 722 3491; x_wconf 85' lang='lat' dir='ltr'>genitrix</span> <span class='ocrx_word' id='word_1_153' title='bbox 744 3412 777 3471; x_wconf 90' lang='lat' dir='ltr'>et</span> <span class='ocrx_word' id='word_1_154' title='bbox 799 3409 1076 3494; x_wconf 79' lang='lat' dir='ltr'>congregabantur</span> 
     </span>
     <span class='ocr_line' id='line_1_27' title="bbox 388 3493 1235 3598; baseline 0.004 -22"><span class='ocrx_word' id='word_1_155' title='bbox 388 3512 441 3576; x_wconf 83' lang='lat' dir='ltr'>Ex</span> <span class='ocrx_word' id='word_1_156' title='bbox 462 3511 519 3575; x_wconf 88' lang='lat' dir='ltr'>illo</span> <span class='ocrx_word' id='word_1_157' title='bbox 542 3510 639 3575; x_wconf 91' lang='lat' dir='ltr'>choro</span> <span class='ocrx_word' id='word_1_158' title='bbox 661 3493 793 3595; x_wconf 69' lang='lat' dir='ltr'>spiritus</span> <span class='ocrx_word' id='word_1_159' title='bbox 815 3514 850 3576; x_wconf 92' lang='lat' dir='ltr'>in</span> <span class='ocrx_word' id='word_1_160' title='bbox 872 3515 1005 3598; x_wconf 84' lang='lat' dir='ltr'>virginis</span> <span class='ocrx_word' id='word_1_161' title='bbox 1029 3536 1201 3594; x_wconf 80' lang='lat' dir='ltr'>occursum,</span> <span class='ocrx_word' id='word_1_162' title='bbox 1232 3586 1235 3591; x_wconf 43' lang='lat'>‚</span> 
     </span>
     <span class='ocr_line' id='line_1_28' title="bbox 391 3615 1313 3701; baseline 0.002 -20"><span class='ocrx_word' id='word_1_163' title='bbox 391 3615 470 3701; x_wconf 68' lang='lat' dir='ltr'>(lum</span> <span class='ocrx_word' id='word_1_164' title='bbox 493 3616 621 3700; x_wconf 84' lang='lat' dir='ltr'>hymnis</span> <span class='ocrx_word' id='word_1_165' title='bbox 645 3620 740 3700; x_wconf 89' lang='lat' dir='ltr'>atque</span> <span class='ocrx_word' id='word_1_166' title='bbox 763 3619 893 3682; x_wconf 84' lang='lat' dir='ltr'>canticis</span> <span class='ocrx_word' id='word_1_167' title='bbox 916 3619 1064 3683; x_wconf 84' lang='lat' dir='ltr'>ducentes</span> <span class='ocrx_word' id='word_1_168' title='bbox 1086 3641 1156 3683; x_wconf 85' lang='lat' dir='ltr'>eam</span> <span class='ocrx_word' id='word_1_169' title='bbox 1178 3641 1313 3683; x_wconf 89' lang='lat' dir='ltr'>sursum.</span> 
     </span>
     <span class='ocr_line' id='line_1_29' title="bbox 312 3722 1202 3801; baseline 0.004 -17"><span class='ocrx_word' id='word_1_170' title='bbox 312 3740 363 3776; x_wconf 73' lang='lat'>⁷⁶⁶⁰</span> <span class='ocrx_word' id='word_1_171' title='bbox 390 3722 435 3785; x_wconf 82' lang='lat' dir='ltr'>Et</span> <span class='ocrx_word' id='word_1_172' title='bbox 456 3725 620 3786; x_wconf 85' lang='lat' dir='ltr'>cantantes</span> <span class='ocrx_word' id='word_1_173' title='bbox 643 3722 764 3786; x_wconf 85' lang='lat' dir='ltr'>dabant</span> <span class='ocrx_word' id='word_1_174' title='bbox 786 3723 815 3787; x_wconf 90' lang='lat' dir='ltr'>ei</span> <span class='ocrx_word' id='word_1_175' title='bbox 838 3723 963 3788; x_wconf 90' lang='lat' dir='ltr'>laudem</span> <span class='ocrx_word' id='word_1_176' title='bbox 985 3729 1017 3788; x_wconf 92' lang='lat' dir='ltr'>et</span> <span class='ocrx_word' id='word_1_177' title='bbox 1039 3725 1202 3801; x_wconf 84' lang='lat' dir='ltr'>honorem,</span> 
     </span>
     <span class='ocr_line' id='line_1_30' title="bbox 391 3826 1294 3912; baseline 0.003 -22"><span class='ocrx_word' id='word_1_178' title='bbox 391 3826 602 3909; x_wconf 86' lang='lat' dir='ltr'>Triumphum</span> <span class='ocrx_word' id='word_1_179' title='bbox 624 3830 720 3911; x_wconf 86' lang='lat' dir='ltr'>atque</span> <span class='ocrx_word' id='word_1_180' title='bbox 743 3828 889 3912; x_wconf 82' lang='lat' dir='ltr'>gloriam,</span> <span class='ocrx_word' id='word_1_181' title='bbox 912 3829 1063 3893; x_wconf 86' lang='lat' dir='ltr'>virtutem</span> <span class='ocrx_word' id='word_1_182' title='bbox 1086 3833 1119 3893; x_wconf 89' lang='lat' dir='ltr'>et</span> <span class='ocrx_word' id='word_1_183' title='bbox 1140 3830 1294 3906; x_wconf 84' lang='lat' dir='ltr'>decorem,</span> 
     </span>
     <span class='ocr_line' id='line_1_31' title="bbox 390 3928 1164 4015; baseline 0.006 -23"><span class='ocrx_word' id='word_1_184' title='bbox 390 3928 557 3993; x_wconf 90' lang='lat' dir='ltr'>Dicentes:</span> <span class='ocrx_word' id='word_1_185' title='bbox 583 3929 693 3994; x_wconf 80' lang='lat' dir='ltr'>›Ave!</span> <span class='ocrx_word' id='word_1_186' title='bbox 717 3932 858 4015; x_wconf 86' lang='lat' dir='ltr'>genitrix</span> <span class='ocrx_word' id='word_1_187' title='bbox 879 3933 982 3997; x_wconf 88' lang='lat' dir='ltr'>nostri</span> <span class='ocrx_word' id='word_1_188' title='bbox 1004 3934 1164 4009; x_wconf 83' lang='lat' dir='ltr'>creatoris,</span> 
     </span>
     <span class='ocr_line' id='line_1_32' title="bbox 390 4032 1130 4122; baseline 0.003 -24"><span class='ocrx_word' id='word_1_189' title='bbox 390 4032 470 4112; x_wconf 82' lang='lat' dir='ltr'>Ave,</span> <span class='ocrx_word' id='word_1_190' title='bbox 492 4037 593 4098; x_wconf 89' lang='lat' dir='ltr'>mater</span> <span class='ocrx_word' id='word_1_191' title='bbox 615 4035 674 4099; x_wconf 82' lang='lat' dir='ltr'>filii</span> <span class='ocrx_word' id='word_1_192' title='bbox 697 4038 757 4114; x_wconf 81' lang='lat' dir='ltr'>dei,</span> <span class='ocrx_word' id='word_1_193' title='bbox 780 4038 890 4102; x_wconf 90' lang='lat' dir='ltr'>mundi</span> <span class='ocrx_word' id='word_1_194' title='bbox 912 4038 1130 4122; x_wconf 82' lang='lat' dir='ltr'>redemptoris,</span> 
     </span>
     <span class='ocr_line' id='line_1_33' title="bbox 390 4138 1119 4225; baseline 0.005 -22"><span class='ocrx_word' id='word_1_195' title='bbox 390 4138 469 4219; x_wconf 84' lang='lat' dir='ltr'>Ave,</span> <span class='ocrx_word' id='word_1_196' title='bbox 492 4141 585 4225; x_wconf 83' lang='lat' dir='ltr'>virgo</span> <span class='ocrx_word' id='word_1_197' title='bbox 609 4141 780 4225; x_wconf 82' lang='lat' dir='ltr'>virginum,</span> <span class='ocrx_word' id='word_1_198' title='bbox 804 4143 983 4208; x_wconf 86' lang='lat' dir='ltr'>dulcissima</span> <span class='ocrx_word' id='word_1_199' title='bbox 1006 4143 1119 4220; x_wconf 85' lang='lat' dir='ltr'>Maria,</span> 
     </span>
     <span class='ocr_line' id='line_1_34' title="bbox 314 4244 1086 4333; baseline 0.006 -25"><span class='ocrx_word' id='word_1_200' title='bbox 314 4265 365 4301; x_wconf 76' lang='lat'><strong>⁷⁶⁶⁵</strong></span> <span class='ocrx_word' id='word_1_201' title='bbox 392 4244 461 4309; x_wconf 85' lang='lat' dir='ltr'>Ave</span> <span class='ocrx_word' id='word_1_202' title='bbox 484 4246 738 4325; x_wconf 82' lang='lat' dir='ltr'>clementissima,</span> <span class='ocrx_word' id='word_1_203' title='bbox 762 4248 938 4313; x_wconf 86' lang='lat' dir='ltr'>misericors</span> <span class='ocrx_word' id='word_1_204' title='bbox 961 4254 994 4313; x_wconf 89' lang='lat' dir='ltr'>et</span> <span class='ocrx_word' id='word_1_205' title='bbox 1015 4250 1086 4333; x_wconf 80' lang='lat' dir='ltr'>pia!</span> 
     </span>
     <span class='ocr_line' id='line_1_35' title="bbox 392 4350 1035 4432; baseline 0.005 -17"><span class='ocrx_word' id='word_1_206' title='bbox 392 4350 442 4415; x_wconf 73' lang='lat' dir='ltr'>&#39;l&#39;u</span> <span class='ocrx_word' id='word_1_207' title='bbox 465 4373 539 4415; x_wconf 90' lang='lat' dir='ltr'>nam</span> <span class='ocrx_word' id='word_1_208' title='bbox 562 4352 778 4417; x_wconf 86' lang='lat' dir='ltr'>desiderabilis</span> <span class='ocrx_word' id='word_1_209' title='bbox 801 4357 833 4418; x_wconf 92' lang='lat' dir='ltr'>et</span> <span class='ocrx_word' id='word_1_210' title='bbox 855 4354 1035 4432; x_wconf 82' lang='lat' dir='ltr'>affectuosa,</span> 
     </span>
     <span class='ocr_line' id='line_1_36' title="bbox 390 4454 1096 4544; baseline 0.003 -22"><span class='ocrx_word' id='word_1_211' title='bbox 390 4454 559 4536; x_wconf 76' lang='lat' dir='ltr'>Amabilis,</span> <span class='ocrx_word' id='word_1_212' title='bbox 583 4455 761 4521; x_wconf 84' lang='lat' dir='ltr'>tractabilis</span> <span class='ocrx_word' id='word_1_213' title='bbox 783 4464 815 4523; x_wconf 88' lang='lat' dir='ltr'>et</span> <span class='ocrx_word' id='word_1_214' title='bbox 836 4458 932 4523; x_wconf 90' lang='lat' dir='ltr'>nimis</span> <span class='ocrx_word' id='word_1_215' title='bbox 954 4460 1096 4544; x_wconf 86' lang='lat' dir='ltr'>gratiosa</span> 
     </span>
    </p>
   </div>
   <div class='ocr_carea' id='block_1_5' title="bbox 0 0 1515 5125">
    <p class='ocr_par' dir='ltr' id='par_1_5' title="bbox 0 0 1515 5125">
     <span class='ocr_line' id='line_1_37' title="bbox 0 0 1515 5125; baseline 0 0"><span class='ocrx_word' id='word_1_216' title='bbox 0 0 1515 5125; x_wconf 95' lang='lat' dir='ltr'> </span> 
     </span>
    </p>
   </div>
  </div>
 </body>
</html>
