3000 5125
768 352 831 422 152

374 533 485 600 Jesum
507 535 645 618 querunt
666 553 723 616 per
745 529 829 596 Jude
850 530 1162 597 demonstrationem.

377 640 487 724 Ipsum
509 639 612 723 primo
635 637 839 722 quesiverunt
860 637 894 701 in
917 636 1011 701 domo
1033 660 1097 722 qua
1119 639 1250 718 cenavit,

377 745 461 809 Eum
484 743 587 809 adhuc
608 743 654 808 ibi
676 742 744 807 fore
766 742 902 806 traditor
924 743 1066 826 putavit3

300 869 352 906 4⁴1⁰
379 849 439 915 Sed
461 872 534 915 cum
555 849 602 912 ibi
623 848 755 913 minime
774 845 886 912 desum
907 848 1107 926 invenerunt,

290 1037 292 1039 v
378 953 430 1020 Ad
453 954 583 1021 hortum
605 953 690 1020 Juda
710 954 901 1038 perducente
923 953 988 1019 cito
1010 957 1244 1020 concurrerunt.

227 1274 333 1359 Quod
347 1273 458 1349 Jesus
478 1274 517 1346 in
538 1274 710 1347 oratione
731 1272 882 1346 sudavit
909 1273 1156 1368 sanguineum
1185 1272 1379 1346 sudorem.

382 1482 442 1548 Sed
466 1486 638 1567 antequam
660 1482 804 1546 venirent
826 1482 870 1560 hi,
893 1480 987 1546 Jesus
1010 1482 1210 1567 relinquebat

384 1586 422 1652 In
444 1587 539 1652 horto
562 1587 741 1672 discipulos,
765 1587 904 1671 ipsisque
926 1587 1068 1652 dicebat:

386 1691 467 1757 >Hic
489 1693 603 1772 sedete,
626 1694 725 1758 donec
747 1714 807 1779 ego
831 1692 941 1758 vadam
966 1693 1005 1756 ad
1028 1692 1191 1771 orandum,

306 1818 359 1857 4⁴1⁶
384 1799 430 1863 Et
452 1799 491 1862 ed
513 1802 637 1881 patrem
659 1798 714 1882 qui
735 1819 786 1862 me
807 1798 896 1861 misit
918 1799 957 1861 de
979 1797 1053 1861 celis
1076 1796 1316 1862 invocandum«

386 1904 430 1967 Et
452 1906 614 1986 assumpto
636 1925 742 1968 secum
764 1902 861 1968 Petro
884 1925 956 1968 curn
976 1902 1061 1967 binis
1084 1901 1231 1968 Zebedeis

386 2007 435 2072 Ac
457 2008 638 2072 adiectum
660 2008 775 2093 lapidis
799 2008 927 2073 avulsus
950 2012 998 2073 est
1021 2008 1061 2072 ab
1084 2008 1139 2086 eis,

386 2112 498 2198 Ibique
521 2113 682 2197 discipulis
705 2114 808 2179 tribus
832 2113 991 2179 sitistis:

390 2216 482 2282 »Mea
502 2240 586 2282 nunc
608 2222 657 2282 est
679 2219 785 2282 anima
807 2218 847 2282 ed
869 2222 1003 2283 mortem
1026 2240 1127 2302 usque
1148 2218 1269 2297 tristis3

311 2342 363 2379 4444
389 2321 427 2387 In
450 2323 601 2388 hocloco
624 2323 766 2403 residete,
789 2315 916 2388 mecum
935 2323 1076 2410 vigilate,
1147 2371 1149 2376 .

389 2429 434 2493 Et
455 2451 511 2513 per
532 2433 657 2511 tempus
679 2429 837 2494 modicum
859 2434 986 2495 orantes
1009 2432 1199 2513 expectate«

390 2533 480 2600 Tunc
503 2535 673 2619 procedens
695 2535 860 2620 paululum
882 2535 916 2600 in
939 2538 1058 2601 terram
1080 2555 1113 2598 se
1135 2531 1319 2618 prostravit,

390 2640 438 2704 Ac
461 2640 499 2705 de
520 2640 594 2705 celis
616 2644 740 2725 patrem
762 2661 856 2706 suum
877 2641 928 2706 his
950 2641 1055 2706 verbis
1077 2639 1242 2705 adoravit:

394 2744 508 2809 »Pater
531 2745 584 2824 mi,
608 2744 636 2808 si
656 2743 724 2809 fieri
747 2748 863 2829 potest,
886 2744 937 2810 fac
958 2745 1094 2810 transire
1279 2760 1281 2764 ·

315 2869 366 2906 4445
394 2851 423 2913 A
446 2870 496 2913 me
519 2850 613 2914 modo
634 2850 764 2915 calicem
785 2850 880 2930 hunc,
903 2855 1011 2915 tamen
1033 2850 1160 2916 obedire

393 2954 528 3020 Paratus
550 2978 621 3020 sum
642 2955 677 3019 in
699 2955 847 3020 omnibus
869 2959 924 3020 tue
946 2955 1113 3034 voluntati,

394 3060 428 3126 Si
451 3062 493 3125 sit
514 3061 575 3125 tibi
596 3061 748 3145 placitum
769 3065 905 3127 mortem
927 3060 1000 3126 volo
1023 3061 1120 3146 pati«

396 3167 445 3230 Ad
469 3162 580 3230 Jesum
602 3166 690 3230 venit
712 3167 845 3251 angelus
868 3168 923 3251 qui
945 3166 1007 3232 sibi
1029 3164 1228 3251 loquebatur,

396 3271 586 3336 Confortans
608 3271 872 3358 benignissimum
895 3271 980 3336 hunc
1002 3271 1235 3337 consolabatur.

318 3398 370 3435 4434
396 3377 474 3443 Inde
496 3375 588 3441 Jesus
611 3380 721 3460 raptus
743 3376 848 3443 estin
870 3376 986 3441 mentis
1010 3377 1168 3462 agoniam,

397 3485 441 3549 Et
464 3505 557 3547 orans
580 3483 733 3566 prolixius
753 3483 835 3547 hanc
850 3481 932 3546 dixit
953 3482 1177 3565 psalmodiam:

400 3586 505 3653 »Deus
526 3610 615 3652 meus
637 3589 787 3672 respice«,
811 3587 969 3671 psalmum
990 3586 1162 3665 inchoavit,

401 3693 459 3759 »ln
481 3698 513 3759 te
534 3694 690 3778 sperari«,
714 3694 852 3759 medium
876 3714 975 3777 usque
997 3690 1230 3757 consummavit

399 3798 514 3865 Decem
536 3803 568 3863 et
589 3784 755 3863 dimidium
778 3798 915 3882 psalmos
937 3798 1107 3882 peroravit,
1214 3782 1217 3788 ¹

321 3925 374 3963 44³⁶
401 3904 566 3989 Oransque
588 3903 741 3989 prolixius
763 3903 950 3989 sanguinem
972 3902 1115 3979 sudavit3

401 4010 780 4095 Sudorquesenguineus
803 4009 835 4072 in
859 4012 977 4073 terram
999 4005 1168 4084 defluebat,

401 4115 538 4180 Tantam
552 4128 636 4180 'nam
658 4115 824 4179 tristitiam
845 4112 1028 4176 humanitas
1050 4110 1199 4176 habebat.

403 4220 558 4286 Reversus
582 4221 620 4285 ad
644 4220 824 4304 discipulos,
847 4219 920 4283 illos
943 4216 1133 4281 dormientes

402 4326 539 4404 Invenit,
563 4326 603 4390 ob
628 4325 793 4389 tristitiam
815 4323 888 4387 illos
911 4322 1117 4387 tabescentes.

326 4454 377 4493 4444
406 4431 545 4512 isimon,
568 4431 718 4514 dormis«,
742 4431 788 4497 ait
810 4428 915 4510 Petro,
941 4430 997 4495 »tu
1018 4449 1082 4495 non
1105 4423 1237 4516 potuisl'
1352 4468 1355 4475 ·
1474 4410 1475 4433 i
