3000 5125
601 399 604 404 “
675 387 737 459 etl

106 563 167 622 De
193 563 292 638 palma
309 570 338 623 ct
356 567 391 622 de
408 565 486 622 fonte
504 569 554 624 79.

104 655 211 720 Quod
231 655 348 726 angelus
367 654 469 710 attulit
487 656 527 710 eis
545 674 632 726 panes
653 658 694 713 79.

30 810 36 817 g
105 743 211 810 Quod
229 743 333 798 bubalo
351 745 380 797 st
398 759 479 798 cerva
497 760 525 798 se
543 744 707 800 obtulerunt
726 744 764 799 ad
783 744 965 814 mulgendum
984 744 1027 800 80.

107 829 210 897 Quod
230 830 343 886 arbores
361 832 391 885 ct
408 829 494 886 herbe
512 831 671 886 adorabant
688 832 784 887 Josurn
803 831 844 886 80.

108 918 169 973 De
189 918 348 974 latronibus
366 933 434 987 quos
452 918 612 974 inciderunt
630 920 672 974 80.

109 1006 212 1072 Quod
229 1006 317 1062 nubes
336 1006 460 1077 proterit
476 1024 522 1063 eos
541 1025 560 1063 a
577 1008 669 1064 calore
688 1008 754 1064 solis
771 1007 813 1061 81.

112 1094 212 1161 Quod
232 1112 297 1151 aves
315 1094 482 1149 salutabant
500 1094 594 1149 Jssum
612 1094 654 1148 82.

120 1181 216 1248 Quod
234 1183 282 1239 ria
300 1182 469 1237 abbreviata
486 1184 529 1237 est
547 1182 586 1237 eis
605 1183 647 1238 82.

119 1270 176 1325 De
193 1270 293 1327 arbore
310 1269 416 1341 persico
433 1285 488 1339 qus
506 1268 655 1325 inelinavit
676 1286 705 1323 se
723 1269 766 1323 83.

121 1357 212 1424 Quod
230 1358 308 1415 idola
327 1358 514 1429 Egyptiorum
533 1358 694 1413 ceciderunt
712 1358 755 1413 84.

123 1445 212 1512 Quod
231 1447 288 1501 dux
305 1445 471 1503 Affrodisius
490 1446 580 1517 primo
597 1446 729 1516 cognovit
748 1446 843 1501 lesum
860 1445 903 1500 85.

127 1533 212 1599 Quod
230 1533 287 1588 dux
305 1532 470 1590 Affrodisius
488 1534 597 1589 invenit
616 1551 733 1605 puerum
751 1534 846 1588 Jesurn
865 1533 908 1587 86.
1023 1586 1026 1592 .

131 1621 215 1687 Quod
232 1623 322 1678 omnis
340 1622 420 1694 plebs
438 1622 523 1678 huius
541 1622 667 1678 civitatis
686 1621 817 1677 adoravit
835 1621 930 1675 Jasum
949 1621 992 1675 87.

134 1709 237 1779 Josaph
254 1710 385 1765 narravit
403 1727 516 1766 causam
535 1711 579 1765 rie
597 1727 645 1766 sus
661 1711 703 1765 87.

136 1796 215 1863 Quod
233 1798 348 1868 Egyptii
366 1799 539 1869 collegerunt
556 1798 660 1869 ioseph
678 1797 800 1867 hospitio
822 1799 864 1852 87.

137 1884 215 1950 Quod
234 1886 336 1957 Jcsaph
355 1889 462 1958 septem
480 1886 562 1942 annis
580 1885 686 1941 mansit
703 1885 733 1939 in
753 1884 865 1956 Egypto
883 1884 924 1938 88.

137 1971 246 2036 Quanta
263 1973 347 2028 etatis
365 1973 452 2028 luerit
469 1991 538 2044 puer
557 1974 637 2028 Jesus
655 1987 718 2027 cum
737 1971 813 2042 oepit
831 1969 976 2026 ambulare
994 1972 1035 2028 88.

138 2057 247 2124 Quanta
262 2061 346 2116 statis
364 2060 452 2116 luerit
469 2077 533 2116 oum
552 2060 629 2130 loqui
648 2060 721 2131 cepit
739 2059 783 2115 88.
830 2092 833 2096 ·

139 2146 181 2202 De
198 2147 389 2205 ablactatione
407 2149 485 2219 pueri
503 2149 569 2204 Jesu
587 2149 629 2203 89.

138 2233 210 2300 Quid
228 2235 307 2291 Jesus
326 2236 387 2306 egit
405 2240 471 2307 post
489 2237 582 2293 dacem
602 2253 690 2292 annos
708 2236 751 2290 89.

137 2322 178 2378 De
195 2323 408 2395 miraculisque
426 2325 492 2380 lecit
510 2341 579 2396 puer
596 2325 676 2380 iesus
694 2323 724 2377 in
744 2323 857 2393 Egypto
875 2323 918 2377 90.

136 2410 214 2476 Quod
231 2412 310 2467 Jasns
329 2412 462 2467 liberavit
480 2429 597 2485 puerum
617 2431 635 2468 a
652 2413 783 2482 serpente
803 2411 844 2466 90.

136 2498 215 2566 Quod
231 2500 310 2555 Jesus
328 2499 531 2572 multiplicavit
548 2515 635 2571 panes
653 2499 695 2554 90.

136 2586 215 2652 Quod
232 2589 324 2644 Maria
341 2589 395 2645 dea
412 2606 470 2645 essa
487 2588 633 2644 dicebatur
651 2590 680 2643 et
697 2587 778 2643 Jasus
796 2585 874 2643 Jovis
892 2601 951 2640 asse
969 2585 1134 2640 credebatur
1154 2585 1196 2639 90.

137 2675 215 2741 Quod
233 2676 311 2747 pueri
330 2677 515 2747 Egyptiornm
533 2677 660 2732 fecerunt
677 2693 795 2746 puerum
815 2675 909 2729 Jssum
928 2690 1022 2742 regern
1042 2672 1084 2726 91.

136 2766 177 2821 De
197 2764 291 2819 reditu
307 2764 410 2836 loseph
427 2766 458 2821 in
475 2766 595 2821 Judsam
613 2765 657 2820 91.
725 2828 728 2835 ,

139 2851 217 2918 Quod
236 2852 352 2923 Egyptii
369 2853 494 2908 fecarunt
512 2853 649 2922 imagines
668 2852 758 2908 Maria
775 2855 805 2907 et
823 2851 887 2905 Jesu
906 2853 949 2905 91.

140 2940 219 3006 Quod
237 2941 316 2996 Jesus
333 2958 457 2996 reversus
474 2943 516 2995 est
533 2941 564 2995 in
582 2939 701 2995 Judaam
723 2940 765 2994 92.

137 3027 215 3093 Quod
233 3028 324 3083 Maria
341 3046 403 3083 cum
421 3028 544 3086 filiosuo
564 3029 641 3084 venit
660 3028 802 3084 Nazareth
820 3029 863 3083 92.

137 3115 177 3171 De
194 3115 303 3171 invidia
320 3116 471 3173 Judaorum
489 3120 587 3174 contra
605 3134 723 3187 puerum
742 3116 838 3170 Jesum
858 3116 902 3170 93.

136 3201 214 3267 Quod
233 3204 311 3258 Jesus
329 3205 444 3275 collegit
462 3205 548 3260 matri
567 3221 615 3259 sue
633 3203 735 3260 herbas
756 3205 801 3258 94.

137 3289 177 3345 De
195 3307 370 3361 equaquam
387 3293 599 3363 portavitpuer
616 3293 695 3347 Jesus
713 3293 744 3346 in
763 3291 874 3361 gremio
892 3294 934 3347 95.

137 3377 178 3434 De
195 3396 280 3449 puero
298 3380 421 3449 quodam
437 3397 520 3449 quem
537 3379 686 3435 suscitavit
703 3380 783 3434 Jesus
802 3398 819 3434 a
838 3381 957 3435 mortuis
977 3382 1018 3436 96.

137 3465 216 3530 Quod
233 3467 312 3521 Jssus
329 3467 467 3523 trahendo
485 3469 667 3539 prolongavit
684 3468 766 3538 ligna
784 3470 826 3523 97.

137 3553 216 3618 Quod
233 3554 312 3610 Jssus
330 3555 474 3625 suspendit
492 3558 629 3611 amtorem
649 3574 728 3611 suam
747 3557 960 3626 supersedium
979 3556 1044 3611 solis
1064 3555 1105 3610 98.

138 3641 216 3707 Quod
233 3659 302 3712 puer
321 3642 399 3698 Jcsus
417 3643 523 3713 positus
542 3647 584 3699 est
604 3647 640 3700 ad
663 3631 752 3701 scolas
772 3646 816 3699 98.

137 3728 178 3783 De
195 3729 330 3800 piscinula
346 3748 432 3799 quam
449 3729 516 3786 fecit
534 3750 604 3802 puer
622 3733 700 3788 Jesus
720 3733 762 3788 98.

137 3817 177 3871 De
196 3819 306 3871 mortuo
323 3832 405 3885 quem
422 3817 571 3872 suscitavit
589 3818 695 3888 Joseph
715 3819 775 3873 101.

138 3894 215 3968 Quod
233 3903 312 3958 Jasus
329 3904 396 3958 fecit
414 3904 538 3959 aviculas
555 3904 590 3959 de
608 3905 715 3974 argilla
734 3906 792 3960 102.

138 3990 216 4057 Quod
235 3990 327 4047 leones
346 3992 536 4047 adoraverunt
554 3993 649 4047 Jesum
670 3992 730 4046 103.
809 4057 812 4064 .

137 4079 178 4133 Da
195 4077 292 4133 tunica
310 4079 376 4134 Jesu
398 4080 455 4135 105.

137 4165 216 4233 Quod
234 4168 313 4222 lesus
331 4168 456 4223 ascendit
472 4169 626 4225 Jerusalem
645 4187 708 4224 cum
727 4168 873 4225 duodecim
891 4189 1026 4227 annorum
1046 4174 1118 4226 esset
1140 4172 1198 4227 106.

138 4254 178 4309 Ds
195 4255 322 4326 profectu
340 4256 405 4310 Jesu
426 4258 483 4313 107.

138 4340 179 4396 Da
196 4343 406 4411 pulchritudine
423 4345 545 4415 corporis
563 4346 627 4400 Jesu
651 4345 710 4400 108.

138 4428 179 4486 De
197 4431 287 4487 colors
303 4432 375 4486 cutis
393 4435 515 4504 corporis
533 4434 600 4489 Jesu
621 4434 679 4493 108.
