3000 5125
590 1377 815 1463 INHAL'I'.

92 1597 94 1600 ·
124 1584 251 1641 Vorrede
269 1604 291 1640 1.
312 1588 337 1640 3.

123 1671 196 1727 Vita
215 1674 295 1750 beata
313 1674 431 1744 virginis
450 1675 538 1730 Maria
556 1675 725 1743 rhythmica.

636 1833 652 1897 I
677 1834 768 1899 buch.

123 1953 229 2023 Incipit
246 1954 379 2025 prologus
396 1958 421 2009 9.
639 2026 643 2032 ᾗ

126 2040 230 2111 Incipit
248 2041 309 2097 vita
326 2042 448 2111 gloriose
466 2041 584 2111 virginis
598 2042 685 2097 Marie
703 2045 732 2096 ct
751 2041 883 2097 amabilis
901 2042 1001 2096 matris
1013 2042 1079 2096 Jesu
1092 2042 1144 2096 filii
1164 2042 1211 2098 dei
1233 2040 1273 2098 1'0.

126 2127 205 2194 Quod
223 2129 315 2184 Maria
333 2129 413 2199 virgo
432 2129 604 2184 annuntiata
621 2129 677 2184 1111
695 2131 772 2200 patri
790 2129 978 2186 1111111111
995 2147 1045 2199 per
1064 2129 1197 2199 angelum
1217 2130 1273 2185 Ita·

196 2217 325 2285 phaelem
345 2217 386 2271 14.

126 2302 204 2369 Quod
217 2304 297 2373 virgo
309 2304 401 2359 Maria
413 2305 586 2360 annuntiata
597 2304 654 2359 fuit
665 2304 753 2360 matri
764 2322 813 2359 sue
825 2322 874 2376 per
888 2305 1022 2374 angelum
1036 2304 1210 2375 Raphaelem
1231 2306 1274 2362 18.

124 2393 166 2447 De
183 2391 362 2461 conceptione
381 2391 499 2462 virginis
517 2394 606 2448 Marie
625 2396 654 2448 et
670 2392 810 2449 infusione
827 2391 921 2447 anime
939 2392 998 2446 eius
1016 2393 1059 2447 20.

124 2478 202 2545 Quod
221 2478 309 2534 Maria
327 2479 408 2549 virgo
425 2480 456 2535 in
474 2482 553 2536 utero
571 2481 671 2535 matris
690 2480 882 2535 sanctificatur
900 2481 942 2534 2l.

124 2567 166 2622 De
183 2567 338 2624 nativitate
356 2569 437 2625 beate
456 2568 574 2639 virginis
593 2570 680 2625 Marie
697 2572 739 2644 21.

125 2654 273 2711 Canticum
290 2657 418 2713 Joachim
435 2659 527 2728 patris
545 2658 647 2714 Sancta
665 2659 756 2714 Marie
774 2661 816 2713 21.

125 2742 273 2801 (lenticum
292 2748 375 2801 Anna
393 2747 493 2801 matris
512 2746 599 2801 Marie
617 2748 647 2800 in
666 2747 820 2802 nativitate
838 2746 895 2801 filie
912 2761 960 2800 111
977 2745 1019 2801 22.

129 2832 170 2887 De
186 2832 272 2903 signis
289 2851 343 2903 que
362 2837 554 2904 apparuerunt
570 2833 601 2888 in
620 2833 774 2888 nativitate
793 2836 889 2888 sancte
908 2833 995 2887 111111
1013 2833 1056 2887 23.

127 2919 205 2985 Quod
222 2925 353 2992 parentes
371 2922 500 2976 tulerunt
519 2922 638 2976 Mariam
656 2921 686 2976 in
704 2922 860 2977 Jerusalem
880 2924 922 2977 23.
955 2972 958 2979 ,

125 3007 204 3073 Quod
222 3009 314 3064 Maria
330 3013 481 3079 postquam
499 3009 646 3064 ablactata
663 2997 707 3065 eet
725 3010 813 3064 ducta
830 3013 872 3064 111
890 3010 920 3063 11
938 3009 1094 3064 Jerusalem
1112 3010 1155 3061 24.

125 3095 203 3161 Quod
222 3096 324 3161 Maria,
347 3114 410 3151 oum
427 3084 535 3166 septem
555 3115 691 3154 annorum
710 3101 791 3162 esset,
811 3100 974 3168 presentata
991 3096 1080 3152 estin
1098 3095 1207 3164 templo
1228 3097 1272 3149 26.

125 3183 166 3238 De
184 3183 340 3253 virginibus
358 3185 458 3253 quibus
477 3185 615 3242 mandata
632 3188 675 3240 eat
694 3185 774 3254 virgo
796 3186 885 3239 Maria
903 3187 947 3239 26.

123 3269 201 3337 Quod
220 3272 312 3327 Maria
329 3274 486 3329 excellebat
504 3291 599 3330 omnes
618 3274 706 3330 socias
724 3290 789 3328 suas
808 3273 961 3328 virtutibus
978 3274 1020 3327 28.

124 3355 165 3412 De
182 3358 362 3428 dispositione
381 3361 501 3431 corporis
519 3366 615 3417 sancte
635 3362 770 3417 11111111
789 3363 862 3417 mira
879 3361 1089 3432 pulchritudine
1108 3358 1167 3412 eius
1186 3359 1227 3412 30.

124 3444 164 3500 De
182 3446 343 3515 eloquentia
364 3448 481 3519 virginis
500 3450 588 3506 Maria
606 3452 649 3505 32.

124 3531 202 3597 Quod
220 3533 312 3590 Maria
330 3535 411 3605 virgo
429 3535 571 3593 rarissime
588 3539 732 3595 consuevit
748 3540 839 3595 ridere
858 3541 899 3594 33.

123 3619 201 3687 Quod
220 3622 312 3677 Maria
335 3623 414 3693 virgo
432 3641 540 3696 semper
558 3627 725 3683 intendebat
744 3627 823 3683 bunis
842 3627 972 3696 operibus
989 3627 1032 3681 34.

123 3707 201 3773 Quod
219 3709 310 3766 Maria
328 3712 409 3781 virgo
426 3714 555 3769 omnibus
572 3714 676 3769 dilecta
694 3715 750 3768 fuit
769 3716 811 3770 35.

123 3796 200 3862 Quod
220 3799 310 3853 Maria
328 3817 378 3870 per
395 3804 498 3857 sortem
519 3803 609 3857 electa
626 3804 669 3856 eat
686 3802 718 3857 in
735 3802 864 3871 reginam
881 3803 924 3857 36.

124 3884 201 3950 Quod
220 3885 311 3941 Maria
329 3887 410 3958 virgo
428 3905 492 3945 raro
511 3888 709 3957 egrediebatur
726 3893 770 3946 37.

124 3972 199 4038 Quod
218 3977 279 4028 tam
298 3975 424 4031 extranei
442 3994 527 4046 quam
545 3978 606 4033 noti
624 3976 784 4033 dilexerunt
801 3979 890 4034 talem
908 3976 1047 4046 virginem
1064 3976 1108 4031 37.

122 4060 161 4115 De
178 4063 315 4121 mandato
333 4064 406 4132 quod
425 4063 548 4134 virgines
566 4066 643 4119 etate
660 4065 719 4119 iam
737 4065 847 4121 nubiles
866 4064 973 4136 nuptiis
991 4064 1171 4119 traderentur
1188 4063 1232 4117 38.

122 4147 199 4213 Quod
217 4151 301 4206 multi
318 4152 433 4208 iuvenes
451 4152 649 4224 desiderabant
668 4152 790 4206 Mariam
809 4154 948 4224 virginem
965 4152 996 4207 in
1015 4151 1162 4219 coniugem
1179 4149 1222 4204 39.

123 4237 198 4302 Quod
217 4241 361 4310 pontifices
379 4242 587 4296 mandaverunt
605 4239 694 4296 Maria
713 4240 787 4311 quod
806 4242 926 4311 eligeret
944 4239 999 4295 sibi
1020 4239 1112 4292 virum
1131 4238 1174 4291 39.

123 4325 199 4390 Quod
218 4327 309 4384 Maria
326 4328 466 4384 recusavit
484 4329 618 4383 maritum
636 4332 696 4398 40.
846 4392 849 4399 ¹
1155 4374 1158 4381 .

122 4414 198 4483 Quod
215 4417 371 4474 sacerdotes
390 4417 569 4472 mirabantur
587 4418 621 4473 de
639 4416 800 4487 eloquentia
819 4415 936 4486 virginis
955 4415 1103 4470 11111142.
