3000 5125
791 424 856 489 226

404 600 517 677 Erant,
540 621 642 684 neque
664 598 811 676 celerate,
836 622 938 685 neque
961 599 1092 664 curiose.

405 703 534 788 Semper
556 707 662 768 autem
684 702 826 767 vestibus
847 703 898 768 his
920 705 1112 768 induebatur

329 829 381 868 esec
408 809 545 875 camisia
567 830 638 873 cunr
660 807 777 886 tunica,
802 830 959 893 supraque
980 809 1150 893 tegebatur

403 915 566 1001 Religioso
588 913 695 998 pallio,
719 913 841 998 proprii
863 913 988 993 coloris,

404 1019 493 1085 Sicut
516 1023 585 1084 erat·
605 1017 732 1082 feminis
755 1017 865 1082 diebus
888 1018 953 1081 illis
975 1018 1082 1082 moris.

402 1126 567 1210 Erautque
590 1123 795 1188 mundissime
816 1123 896 1188 bene
919 1124 1130 1201 condecentes,

403 1229 493 1294 Sicut
514 1251 583 1294 eam
606 1230 720 1308 decuit,
745 1228 895 1293 scissuras
918 1251 983 1294 non
1004 1229 1174 1306 habentes;

323 1354 375 1392 ⁶⁷0⁰
400 1333 504 1400 Nemo
525 1338 632 1399 tamen
654 1332 855 1417 scrupulosus
878 1334 928 1398 vel
950 1333 1050 1417 ipsius
1072 1337 1218 1398 causetur

401 1439 449 1504 De
471 1439 572 1504 Marie
594 1439 744 1516 vestibus,
769 1439 819 1503 vel
840 1439 1078 1503 scandalizetur.

401 1544 558 1621 Quoniam
581 1543 822 1608 mundissimam
845 1544 1003 1628 virginem
1024 1542 1154 1610 decebat

400 1649 459 1715 Uti
477 1649 604 1714 mundis
626 1647 777 1726 vestibus,
800 1648 871 1732 ipsa
892 1642 949 1712 nec
971 1647 1111 1713 habebat

400 1755 543 1833 Causam,
568 1775 623 1818 cur
645 1752 792 1832 cilicium,
816 1753 866 1817 vel
888 1754 1036 1839 sagulum
1059 1758 1211 1837 portaret,

322 1859 373 1915 cru
399 1859 461 1924 Vel
483 1863 602 1923 vestem
623 1857 813 1943 penitentie,
836 1880 911 1922 uam
933 1858 1018 1942 quod
1040 1858 1220 1923 emendaret

398 1962 459 2028 Per
480 1964 602 2028 luctum
624 1963 806 2048 penitentie,
829 1983 994 2048 nunquam
1015 1962 1074 2028 hec
1096 1968 1260 2048 peccatum

398 2068 497 2151 Fecit,
519 2069 699 2134 innocentie
721 2090 844 2152 semper
866 2090 995 2133 servans
1017 2072 1146 2134 statum.

397 2175 602 2260 Eiusquoque
624 2173 813 2239 vestimenta
835 2195 998 2259 nunquam
1020 2178 1095 2239 sunt
1117 2176 1229 2240 attrita

396 2279 472 2345 Jesu
495 2282 568 2364 post
589 2270 810 2359 ascensionem,
835 2281 888 2344 sed
911 2285 1097 2345 manserunt
1119 2282 1177 2361 ita,

318 2405 369 2441 ⁶⁷10
397 2384 485 2450 Sicut
506 2408 543 2449 ea
565 2384 680 2463 induit,
702 2386 735 2448 in
759 2384 863 2469 prima
884 2384 1037 2465 novitate,

395 2489 464 2555 Nec
485 2490 582 2554 scissa
604 2493 679 2554 sunt
701 2511 758 2554 nec
781 2489 888 2574 aliqua
910 2493 1097 2574 consumpta
1120 2495 1288 2556 vetustate.

395 2597 555 2682 Peplcque
577 2596 785 2660 mundissimo
807 2617 930 2679 semper
951 2596 1101 2660 utebatur

395 2700 486 2766 Circa
508 2705 611 2786 caput,
635 2702 767 2785 desuper
789 2700 873 2784 quod
895 2703 1002 2765 tamen
1025 2703 1194 2787 tegebatur

394 2806 474 2873 Velo
496 2829 568 2872 eum
590 2806 807 2885 mundissimo,
830 2806 914 2890 quod
937 2806 1095 2871 modicum
1117 2807 1275 2892 dependit,

315 2930 366 2967 ⁶⁷1⁵
392 2909 489 2976 Nuda
510 2911 584 2975 colli
607 2911 656 2975 sui
677 2914 789 2995 tegens
813 2911 852 2975 ad
875 2912 1019 2995 scapulas
1042 2912 1222 2990 descendit3

391 3017 436 3082 Et
458 3015 614 3081 efrontis
638 3016 740 3080 medio
762 3037 796 3080 se
817 3016 976 3081 modicum
998 3017 1122 3082 reflexit

392 3120 511 3186 Versus
534 3143 645 3199 aures,
657 3124 800 3205 tempora
821 3143 894 3184 cum
915 3122 1054 3187 maxillis
1079 3124 1170 3188 texit.

390 3224 466 3291 Non
480 3230 586 3290 tamen
603 3248 703 3305 aures,
726 3225 777 3290 vel
790 3226 967 3305 maxillum,
989 3227 1039 3291 vel
1054 3231 1195 3291 mentum
1212 3228 1387 3295 arcebatur

391 3330 452 3395 lllo
474 3332 554 3411 velo,
576 3332 630 3396 sed
652 3353 723 3396 cum
745 3333 838 3416 peplo
861 3332 973 3396 subtus
996 3333 1224 3418 stringebatur,

312 3455 364 3492 6⁷2⁰
392 3434 444 3501 Sic
468 3437 551 3520 quod
573 3441 643 3501 tota
664 3436 761 3502 facies
783 3438 884 3502 libera
905 3439 1075 3515 manebat3

313 3545 316 3551 ’
389 3540 440 3605 Ita
462 3565 495 3606 se
517 3542 620 3607 Maria
642 3566 765 3626 semper
787 3544 919 3609 honeste
942 3544 1158 3628 componebat.

389 3645 481 3711 'I'rice
503 3639 695 3731 capillorum
714 3649 780 3713 eius
803 3672 926 3733 semper
948 3649 1176 3734 dependebant,

389 3752 485 3816 'Pecte
507 3756 613 3817 tamen
636 3753 734 3838 pallio
756 3754 807 3818 vel
829 3754 938 3818 tunica
960 3755 1147 3833 manebant3

387 3857 431 3921 Et
454 3859 641 3942 quandoque
663 3858 827 3944 cingulum
849 3858 999 3943 portabat
1021 3860 1059 3924 de
1084 3863 1205 3924 retorta

309 3964 365 4018 aas
388 3960 485 4040 Zona,
508 3963 590 4027 sicut
611 3964 728 4029 femine
750 3965 863 4044 solent,
887 3965 953 4030 sive
975 3966 1079 4030 corda.

386 4067 546 4134 Utebatur
568 4071 688 4150 calceis,
713 4072 767 4136 sed
789 4075 865 4136 tuuc
887 4094 920 4136 se
942 4071 1088 4136 calciavit

384 4172 435 4238 Ire
457 4196 528 4238 cum
549 4177 713 4259 opportuit
733 4199 902 4261 quoquam,
926 4177 1001 4261 quia
1025 4176 1118 4255 cavit,

384 4277 434 4344 Ne
456 4281 533 4344 nudi
556 4281 605 4345 sui
627 4282 810 4347 viderentur
833 4283 927 4369 pedes
950 4283 1016 4347 ulla
1039 4283 1115 4361 vice,

384 4381 424 4448 Se
446 4406 568 4468 semper
589 4389 699 4450 tenens
722 4387 895 4451 verecunde
917 4386 1011 4451 nimis
1034 4391 1067 4452 et
1088 4386 1210 4471 pudice.

305 4509 356 4549 678⁰
382 4488 621 4575 Lectusquoque
643 4491 777 4577 virginis
799 4515 863 4557 non
887 4493 1002 4557 habuit
1021 4497 1169 4558 ornatum
