3000 5125
391 554 560 621 Recessum
581 551 703 637 Joseph
724 555 758 617 et
779 550 881 617 Marie
903 549 999 615 nimis
1021 549 1210 628 doluerunt3

392 660 436 725 Flt
458 680 516 744 pro
539 658 624 724 dulei
646 680 745 743 puero
767 655 843 723 Jesu
867 657 1090 737 tristabantur,

315 785 366 823 ’ωδ
392 764 457 832 Sua
478 765 563 851 quod
584 763 745 847 presentia
766 784 873 828 oarere
894 761 1100 848 cogebantur.

262 949 265 956 ¹
391 873 537 957 Ipsorum
561 870 716 956 imagines
738 868 871 954 plurimi
893 868 1043 948 fecerunt,

392 978 436 1042 nt
457 999 510 1042 eas
531 977 566 1040 in
588 975 723 1042 oraculis
745 974 811 1039 suis
834 977 1027 1059 posuerunt;

398 1080 543 1169 Virginis
566 1082 739 1167 imaginem
761 1102 894 1164 puerum
916 1083 1078 1145 tenentem

397 1186 433 1251 ln
456 1187 583 1273 templis
606 1187 672 1252 suis
694 1190 869 1271 posuerunt
891 1189 923 1250 et
945 1185 974 1251 ei
995 1184 1194 1271 frequentem

315 1313 367 1351 aso
393 1292 557 1359 Honorem
579 1296 675 1379 atque
699 1292 837 1378 gloriam
859 1313 968 1357 omnes
991 1290 1194 1372 exhibebant,

392 1400 437 1465 Et
458 1401 491 1464 in
515 1398 692 1465 reverentia
713 1397 853 1463 maxima
875 1397 1036 1462 tenebant.
1114 1458 1118 1467 ,

392 1504 490 1570 Multi
511 1509 619 1570 tamen
642 1508 737 1569 antea
759 1503 911 1569 tenebant
932 1501 1051 1567 iconias

394 1610 434 1677 In
456 1612 521 1676 suis
543 1611 689 1689 oraoulis,
712 1632 788 1674 nam
809 1609 887 1694 ipsis
910 1607 1065 1673 Jeremias

394 1716 556 1801 Propheta
577 1715 768 1800 predixerat,
791 1715 876 1799 quod
898 1717 1003 1779 essent
1025 1711 1150 1777 ruitura

316 1840 368 1877 2⁵⁹⁶
395 1820 581 1899 Simulaera,
604 1819 731 1904 quando
753 1819 846 1904 virgo
867 1818 951 1883 foret
973 1818 1127 1903 paritura.

353 2087 360 2104 κ
424 2048 528 2134 Quod
555 2048 665 2122 lesus
692 2068 865 2120 reversus
891 2050 950 2119 est
976 2048 1015 2119 in
1043 2045 1216 2120 Judeam.

395 2239 517 2326 Joseph
539 2243 645 2304 autem
668 2242 705 2303 ut
727 2239 867 2323 precepit
889 2237 1021 2323 angelus
1044 2236 1191 2317 surrexit,

394 2345 473 2411 (lum
496 2349 598 2411 matre
620 2367 746 2409 sumens
769 2365 903 2429 puerum
925 2342 959 2407 in
982 2342 1120 2428 patriam
1141 2342 1294 2427 porrexit.

396 2451 458 2517 Sed
480 2451 642 2536 perviam
664 2450 819 2535 plurimos
840 2448 965 2514 labores
988 2448 1178 2529 habuerunt,

396 2556 485 2623 Fessi
507 2579 581 2622 nam
603 2556 719 2623 itinere
741 2554 847 2641 sepius
869 2554 1009 2621 fuerunt.

317 2682 368 2719 που
393 2662 534 2741 Famem,
557 2662 645 2727 sitim
667 2662 838 2745 plurimam
860 2662 923 2746 ipsi
944 2661 1155 2741 sustinebant,

398 2768 443 2833 Et
464 2767 503 2832 ad
528 2789 644 2859 aquam
667 2766 717 2831 rel
739 2767 779 2831 ad
801 2767 922 2832 fontem
945 2787 1018 2831 raro
1041 2766 1219 2832 veniebant.

367 2960 371 2967 ι
395 2872 522 2958 Frigus,
546 2876 658 2951 estum,
681 2871 823 2956 pluriam
845 2874 877 2937 et
899 2876 1030 2937 ventum
1052 2872 1243 2950 tolerabant,

396 2978 572 3064 Nunquam
593 2977 627 3041 iu
649 2977 791 3060 hospitio
812 2998 869 3060 per
891 2981 1016 3042 nootem
1039 2978 1262 3062 repausabant.

399 3083 485 3150 Nam
506 3083 566 3148 sub
588 3082 661 3147 divo
683 3082 751 3147 sine
773 3085 858 3147 teoto
880 3079 1064 3166 frequenter
1086 3089 1316 3162 remanserunt,

319 3209 371 3247 asos
398 3190 506 3275 Atque
528 3210 623 3273 super
644 3188 763 3252 nudam
785 3191 905 3252 terram
928 3192 1131 3272 pernoctem
1153 3190 1328 3255 iacuerunt.

397 3295 457 3360 Per
478 3294 637 3359 desertum
659 3291 753 3358 Jesus
776 3315 849 3377 sepe
871 3293 1011 3359 cucurrit
1033 3295 1225 3360 ambulando

395 3402 440 3466 ut
462 3400 602 3464 residens
625 3399 659 3463 in
682 3398 771 3463 asino
794 3398 915 3483 quievit
939 3399 1120 3484 aliquando.

398 3505 458 3570 Per
481 3506 565 3569 viam
588 3504 726 3569 multum
749 3503 942 3568 ambulando
965 3502 1069 3569 Maria
1091 3505 1259 3584 laboravit,

397 3610 441 3675 llt
463 3611 567 3675 rarius
588 3611 622 3675 in
646 3610 735 3675 asino
758 3611 869 3676 sedens
891 3610 1082 3695 repausavit.

271 3806 273 3811 ,
322 3737 373 3774 κιο
400 3716 451 3780 Sio
474 3721 619 3782 sanetum
642 3718 702 3782 hoo
723 3717 894 3802 collegium
916 3738 972 3800 per
994 3717 1078 3782 viam
1100 3716 1190 3781 illam
1211 3717 1338 3794 transit,

398 3822 506 3887 Donec
529 3824 617 3889 venit
638 3822 800 3889 Nazareth
822 3822 931 3907 ibique
953 3821 1115 3888 remansit.

346 4052 451 4137 Quod
479 4053 600 4126 Maria
628 4075 714 4126 oum
742 4052 819 4126 filio
847 4076 915 4127 suo
942 4053 1048 4126 venit
1074 4052 1277 4126 Nazareth.

397 4244 501 4309 Maria
522 4247 659 4308 matrem
681 4243 801 4329 reperit
822 4250 949 4311 mortuo
970 4245 1036 4311 iam
1057 4247 1158 4330 patre,

705 4379 707 4384 '
805 4389 823 4430 s

310 4473 378 4528 2605
398 4472 423 4527 G
442 4471 579 4527 mundam
596 4474 669 4527 statt
687 4471 803 4529 nudam.
