3000 5125
551 405 553 410 .
652 356 714 425 217

232 641 335 727 Quod
363 641 532 735 discipuli
559 640 700 713 reversi
727 643 817 713 sunt
844 640 883 712 in
911 639 1133 715 Jerusalem.
1221 619 1225 628 Δ

262 850 383 914 Euntes
405 848 439 912 in
462 846 640 914 Jerusalem
662 847 845 912 cenaculum
868 848 1043 928 intrabant,

262 954 300 1020 ln
323 976 386 1039 quo
408 975 518 1019 cenam
539 962 632 1017 antea
654 974 726 1017 cum
748 951 828 1017 Jesu
850 951 1103 1032 manducabant3

183 1080 236 1118 ⁶4²0
262 1059 374 1144 Ibique
395 1058 639 1143 perseverabant
661 1059 695 1122 in
718 1058 871 1138 oratione,

263 1164 449 1230 Manserunt
470 1164 502 1226 iu
527 1164 744 1248 apostolorum
767 1164 1020 1248 congregatione,

262 1271 306 1335 Et
328 1292 398 1334 oum
422 1270 506 1335 dulci
527 1274 629 1335 matre
651 1269 729 1336 Jesu
751 1271 876 1357 virgine
897 1270 1001 1335 Maria

228 1416 232 1426 ·
264 1373 483 1441 Glorificantes
506 1376 669 1440 dominum
691 1399 763 1440 cum
786 1377 887 1440 laudis
910 1374 1091 1459 hymnodia.

261 1478 300 1544 In
322 1480 430 1545 eodem
453 1503 527 1546 vero
550 1480 619 1545 loco
641 1481 747 1546 cuncti
770 1484 1020 1566 permanserunt,

185 1603 238 1642 ⁶⁴2⁶
265 1583 399 1651 Orantes
423 1585 528 1664 simul,
551 1585 649 1651 donec
673 1586 778 1650 decem
801 1586 867 1667 dies
891 1586 1095 1652 transierunt.

98 1885 209 1972 Quod
237 1885 347 1959 Jesus
385 1886 423 1957 in
461 1885 676 1958 ascensione
713 1908 782 1959 sua
818 1887 995 1960 transivit
1030 1885 1251 1958 Paradisum

562 2010 794 2082 terrestrem.

262 2215 354 2282 Jesus
378 2222 484 2282 autem
506 2218 688 2303 paradisum
711 2221 891 2284 terrestrem
915 2217 1139 2302 pertransivit;

263 2320 452 2387 Sanctorum
475 2327 603 2406 patrum
625 2323 757 2401 animas,
781 2346 859 2407 quas
882 2327 1064 2405 exspectare
1086 2321 1177 2386 scivit

165 2484 167 2488 .
264 2428 488 2492 Ascensionem
509 2427 554 2491 ibi
577 2450 677 2505 suam,
700 2450 874 2492 assermens
897 2449 1002 2491 secum
1025 2427 1127 2504 duxit,

193 2531 197 2537 ’
263 2531 300 2598 In
323 2534 425 2600 celum
448 2534 535 2600 etin
558 2533 696 2619 gloriam
718 2556 808 2598 suam
831 2532 1018 2620 introduxit.

314 2849 417 2935 Quod
445 2851 469 2924 J
472 2872 555 2923 esus
583 2849 782 2943 suscipiter
800 2848 856 2929 ,ab
885 2851 1039 2942 angelis

185 3079 238 3115 ⁶⁴³⁰
265 3059 332 3125 Geli
354 3059 507 3144 patefacti
528 3063 603 3123 sunt
626 3060 692 3123 eius
715 3060 748 3122 in
771 3060 918 3139 adventu,
1018 3064 1022 3077 '

262 3163 484 3230 Convenerunt
505 3164 644 3229 universi
665 3166 839 3249 gaudentes
863 3187 935 3230 cum
957 3169 1109 3229 concentu

264 3269 390 3350 Angeli,
417 3268 619 3353 Archangeli,
643 3269 752 3349 Troni,
776 3269 988 3353 Principatus,

250 3374 421 3439 'Cherubin
445 3378 476 3438 et
498 3373 662 3457 Seraphin,
687 3372 843 3454 Virtutes,
866 3372 1068 3455 DominatuS,

263 3479 310 3543 Ac
332 3478 472 3542 universi
494 3478 626 3562 spiritus
649 3478 732 3543 trine
755 3477 932 3544 hierarchia

185 3603 237 3640 0⁴³⁶
264 3582 464 3647 Conveniunt
486 3584 516 3646 in
541 3584 641 3648 iubilo
665 3583 787 3649 celestis
811 3583 985 3663 harmonio,

263 3685 475 3771 Suscipientes
498 3709 606 3773 regem
629 3710 721 3752 suum
742 3688 907 3772 filiumque
930 3689 989 3766 dei,

262 3791 400 3857 Laudem
424 3796 519 3876 atque
541 3792 678 3876 gloriam
701 3793 906 3883 decantantes
929 3795 967 3858 ei.

154 4106 258 4192 Quod
285 4107 383 4181 filius
411 4110 613 4204 suscipitur
640 4115 799 4206 epatre
827 4114 866 4186 et
893 4084 1029 4208 spiritu
1057 4116 1199 4187 sancto.

263 4313 359 4381 Pater
382 4321 479 4401 atque
501 4318 631 4402 spiritus
655 4320 716 4383 sibi
738 4322 920 4406 coequalem

261 4419 380 4492 Filium
402 4422 590 4511 suscipiunt,
613 4425 765 4495 honorem
791 4425 1014 4517 triumphalem
1051 4473 1054 4478 -
