<?xml version="1.0" encoding="UTF-8"?>
<!DOCTYPE html PUBLIC "-//W3C//DTD XHTML 1.0 Transitional//EN"
    "http://www.w3.org/TR/xhtml1/DTD/xhtml1-transitional.dtd">
<html xmlns="http://www.w3.org/1999/xhtml" xml:lang="en" lang="en">
 <head>
  <title>
</title>
<meta http-equiv="Content-Type" content="text/html;charset=utf-8" />
  <meta name='ocr-system' content='tesseract 3.04.00' />
  <meta name='ocr-capabilities' content='ocr_page ocr_carea ocr_par ocr_line ocrx_word'/>
</head>
<body>
  <div class='ocr_page' id='page_1' title='image "./vitabeatevirgin02vggoog_0101.png"; bbox 0 0 3000 5125; ppageno 0'>
   <div class='ocr_carea' id='block_1_1' title="bbox 676 417 717 482">
    <p class='ocr_par' dir='ltr' id='par_1_1' title="bbox 676 417 717 482">
     <span class='ocr_line' id='line_1_1' title="bbox 676 417 717 482; baseline 0 0"><span class='ocrx_word' id='word_1_1' title='bbox 676 417 717 482; x_wconf 82' lang='lat'>89</span> 
     </span>
    </p>
   </div>
   <div class='ocr_carea' id='block_1_2' title="bbox 198 590 1116 1396">
    <p class='ocr_par' dir='ltr' id='par_1_2' title="bbox 281 590 1020 888">
     <span class='ocr_line' id='line_1_2' title="bbox 281 590 918 678; baseline 0.005 -23"><span class='ocrx_word' id='word_1_2' title='bbox 281 590 361 667; x_wconf 80' lang='lat' dir='ltr'>Quia</span> <span class='ocrx_word' id='word_1_3' title='bbox 383 592 487 657; x_wconf 89' lang='lat' dir='ltr'>solent</span> <span class='ocrx_word' id='word_1_4' title='bbox 509 593 601 675; x_wconf 88' lang='lat' dir='ltr'>pueri</span> <span class='ocrx_word' id='word_1_5' title='bbox 624 594 726 678; x_wconf 90' lang='lat' dir='ltr'>primo</span> <span class='ocrx_word' id='word_1_6' title='bbox 749 593 918 658; x_wconf 82' lang='lat' dir='ltr'>titubando</span> 
     </span>
     <span class='ocr_line' id='line_1_3' title="bbox 281 698 1020 764; baseline -0.001 -2"><span class='ocrx_word' id='word_1_7' title='bbox 281 698 425 763; x_wconf 87' lang='lat' dir='ltr'>Proferre</span> <span class='ocrx_word' id='word_1_8' title='bbox 448 699 500 762; x_wconf 82' lang='lat' dir='ltr'>rix</span> <span class='ocrx_word' id='word_1_9' title='bbox 524 699 655 764; x_wconf 88' lang='lat' dir='ltr'>dimidia</span> <span class='ocrx_word' id='word_1_10' title='bbox 677 701 774 764; x_wconf 84' lang='lat' dir='ltr'>verbe</span> <span class='ocrx_word' id='word_1_11' title='bbox 795 698 1020 763; x_wconf 76' lang='lat' dir='ltr'><strong>detruncando,</strong></span> 
     </span>
     <span class='ocr_line' id='line_1_4' title="bbox 281 802 964 888; baseline 0.003 -21"><span class='ocrx_word' id='word_1_12' title='bbox 281 802 367 868; x_wconf 85' lang='lat' dir='ltr'>Solet</span> <span class='ocrx_word' id='word_1_13' title='bbox 389 803 473 867; x_wconf 89' lang='lat' dir='ltr'>enirn</span> <span class='ocrx_word' id='word_1_14' title='bbox 496 802 602 868; x_wconf 88' lang='lat' dir='ltr'>labilis</span> <span class='ocrx_word' id='word_1_15' title='bbox 625 804 788 869; x_wconf 87' lang='lat' dir='ltr'>infantum</span> <span class='ocrx_word' id='word_1_16' title='bbox 810 803 964 888; x_wconf 87' lang='lat' dir='ltr'>cespitare</span> 
     </span>
    </p>

    <p class='ocr_par' dir='ltr' id='par_1_3' title="bbox 198 908 1116 1396">
     <span class='ocr_line' id='line_1_5' title="bbox 198 908 1116 993; baseline 0.001 -22"><span class='ocrx_word' id='word_1_17' title='bbox 198 928 253 964; x_wconf 81' lang='lat'>2=·›0⁵</span> <span class='ocrx_word' id='word_1_18' title='bbox 279 908 402 993; x_wconf 83' lang='lat' dir='ltr'>Lingua</span> <span class='ocrx_word' id='word_1_19' title='bbox 425 908 527 992; x_wconf 89' lang='lat' dir='ltr'>primo</span> <span class='ocrx_word' id='word_1_20' title='bbox 551 909 648 974; x_wconf 86' lang='lat' dir='ltr'>donec</span> <span class='ocrx_word' id='word_1_21' title='bbox 671 910 793 974; x_wconf 81' lang='lat' dir='ltr'>discant</span> <span class='ocrx_word' id='word_1_22' title='bbox 816 910 948 975; x_wconf 87' lang='lat' dir='ltr'>verbula</span> <span class='ocrx_word' id='word_1_23' title='bbox 969 908 1116 973; x_wconf 85' lang='lat' dir='ltr'>formare.</span> 
     </span>
     <span class='ocr_line' id='line_1_6' title="bbox 280 1011 1065 1100; baseline 0.001 -23"><span class='ocrx_word' id='word_1_24' title='bbox 280 1012 353 1077; x_wconf 92' lang='lat' dir='ltr'>Non</span> <span class='ocrx_word' id='word_1_25' title='bbox 377 1014 422 1077; x_wconf 87' lang='lat' dir='ltr'>sio</span> <span class='ocrx_word' id='word_1_26' title='bbox 444 1011 537 1077; x_wconf 88' lang='lat' dir='ltr'>Jesus</span> <span class='ocrx_word' id='word_1_27' title='bbox 560 1015 733 1079; x_wconf 82' lang='lat' dir='ltr'>successive</span> <span class='ocrx_word' id='word_1_28' title='bbox 756 1015 859 1100; x_wconf 90' lang='lat' dir='ltr'>primo</span> <span class='ocrx_word' id='word_1_29' title='bbox 882 1015 1065 1099; x_wconf 85' lang='lat' dir='ltr'>cespitando</span> 
     </span>
     <span class='ocr_line' id='line_1_7' title="bbox 279 1117 1107 1205; baseline 0.001 -23"><span class='ocrx_word' id='word_1_30' title='bbox 279 1117 438 1182; x_wconf 75' lang='lat' dir='ltr'>Paulatim</span> <span class='ocrx_word' id='word_1_31' title='bbox 461 1119 548 1202; x_wconf 91' lang='lat' dir='ltr'>loqui</span> <span class='ocrx_word' id='word_1_32' title='bbox 571 1119 693 1198; x_wconf 90' lang='lat' dir='ltr'>didicit,</span> <span class='ocrx_word' id='word_1_33' title='bbox 716 1120 771 1184; x_wconf 91' lang='lat' dir='ltr'>sed</span> <span class='ocrx_word' id='word_1_34' title='bbox 793 1120 917 1205; x_wconf 79' lang='lat' dir='ltr'>integre</span> <span class='ocrx_word' id='word_1_35' title='bbox 939 1119 1107 1184; x_wconf 84' lang='lat' dir='ltr'>formando</span> 
     </span>
     <span class='ocr_line' id='line_1_8' title="bbox 279 1223 1087 1310; baseline 0.002 -23"><span class='ocrx_word' id='word_1_36' title='bbox 279 1224 387 1288; x_wconf 82' lang='lat' dir='ltr'>Verba</span> <span class='ocrx_word' id='word_1_37' title='bbox 408 1224 518 1288; x_wconf 87' lang='lat' dir='ltr'>statim</span> <span class='ocrx_word' id='word_1_38' title='bbox 541 1223 704 1308; x_wconf 84' lang='lat' dir='ltr'>proferens</span> <span class='ocrx_word' id='word_1_39' title='bbox 727 1225 865 1309; x_wconf 88' lang='lat' dir='ltr'>perfecte</span> <span class='ocrx_word' id='word_1_40' title='bbox 887 1225 1087 1310; x_wconf 87' lang='lat' dir='ltr'>loquebatur,</span> 
     </span>
     <span class='ocr_line' id='line_1_9' title="bbox 279 1329 972 1396; baseline 0.004 -3"><span class='ocrx_word' id='word_1_41' title='bbox 279 1329 323 1394; x_wconf 87' lang='lat' dir='ltr'>Et</span> <span class='ocrx_word' id='word_1_42' title='bbox 345 1330 379 1394; x_wconf 91' lang='lat' dir='ltr'>in</span> <span class='ocrx_word' id='word_1_43' title='bbox 402 1330 508 1394; x_wconf 89' lang='lat' dir='ltr'>verbis</span> <span class='ocrx_word' id='word_1_44' title='bbox 529 1330 668 1396; x_wconf 77' lang='lat' dir='ltr'>hesitare</span> <span class='ocrx_word' id='word_1_45' title='bbox 691 1331 773 1396; x_wconf 90' lang='lat' dir='ltr'>nihil</span> <span class='ocrx_word' id='word_1_46' title='bbox 797 1330 972 1396; x_wconf 84' lang='lat' dir='ltr'>videbatur.</span> 
     </span>
    </p>
   </div>
   <div class='ocr_carea' id='block_1_3' title="bbox 395 1647 996 1742">
    <p class='ocr_par' dir='ltr' id='par_1_4' title="bbox 395 1647 996 1742">
     <span class='ocr_line' id='line_1_10' title="bbox 395 1647 996 1742; baseline 0.002 -23"><span class='ocrx_word' id='word_1_47' title='bbox 395 1647 449 1720; x_wconf 91' lang='lat' dir='ltr'>De</span> <span class='ocrx_word' id='word_1_48' title='bbox 465 1647 730 1721; x_wconf 84' lang='lat' dir='ltr'>ablactatione</span> <span class='ocrx_word' id='word_1_49' title='bbox 758 1648 865 1742; x_wconf 89' lang='lat' dir='ltr'>pueri</span> <span class='ocrx_word' id='word_1_50' title='bbox 891 1647 916 1719; x_wconf 84' lang='lat' dir='ltr'>J</span> <span class='ocrx_word' id='word_1_51' title='bbox 918 1670 996 1722; x_wconf 90' lang='lat' dir='ltr'>esu.</span> 
     </span>
    </p>
   </div>
   <div class='ocr_carea' id='block_1_4' title="bbox 200 1854 1147 3102">
    <p class='ocr_par' dir='ltr' id='par_1_5' title="bbox 200 1854 1147 3102">
     <span class='ocr_line' id='line_1_11' title="bbox 200 1854 1118 1922; baseline 0.001 -2"><span class='ocrx_word' id='word_1_52' title='bbox 200 1875 252 1911; x_wconf 72' lang='lat'>2⁵10</span> <span class='ocrx_word' id='word_1_53' title='bbox 279 1854 359 1920; x_wconf 75' lang='lat' dir='ltr'>Cum</span> <span class='ocrx_word' id='word_1_54' title='bbox 380 1856 514 1919; x_wconf 90' lang='lat' dir='ltr'>duorum</span> <span class='ocrx_word' id='word_1_55' title='bbox 536 1854 602 1920; x_wconf 86' lang='lat' dir='ltr'>iam</span> <span class='ocrx_word' id='word_1_56' title='bbox 624 1877 780 1920; x_wconf 89' lang='lat' dir='ltr'>annorum</span> <span class='ocrx_word' id='word_1_57' title='bbox 803 1854 896 1920; x_wconf 88' lang='lat' dir='ltr'>Jesus</span> <span class='ocrx_word' id='word_1_58' title='bbox 919 1860 1002 1921; x_wconf 86' lang='lat' dir='ltr'>esset</span> <span class='ocrx_word' id='word_1_59' title='bbox 1024 1860 1118 1922; x_wconf 85' lang='lat' dir='ltr'>uatus</span> 
     </span>
     <span class='ocr_line' id='line_1_12' title="bbox 278 1953 925 2027; baseline 0 -2"><span class='ocrx_word' id='word_1_60' title='bbox 278 1960 393 2025; x_wconf 86' lang='lat' dir='ltr'>Matris</span> <span class='ocrx_word' id='word_1_61' title='bbox 415 1960 456 2024; x_wconf 89' lang='lat' dir='ltr'>ab</span> <span class='ocrx_word' id='word_1_62' title='bbox 478 1960 629 2025; x_wconf 88' lang='lat' dir='ltr'>uberibus</span> <span class='ocrx_word' id='word_1_63' title='bbox 651 1953 715 2026; x_wconf 78' lang='lat' dir='ltr'>&#39;fuit</span> <span class='ocrx_word' id='word_1_64' title='bbox 737 1962 925 2027; x_wconf 83' lang='lat' dir='ltr'>ablactatus.</span> 
     </span>
     <span class='ocr_line' id='line_1_13' title="bbox 279 2064 1014 2150; baseline -0.001 -19"><span class='ocrx_word' id='word_1_65' title='bbox 279 2064 354 2132; x_wconf 92' lang='lat' dir='ltr'>Non</span> <span class='ocrx_word' id='word_1_66' title='bbox 377 2070 484 2131; x_wconf 90' lang='lat' dir='ltr'>tamen</span> <span class='ocrx_word' id='word_1_67' title='bbox 507 2066 589 2130; x_wconf 88' lang='lat' dir='ltr'>sieut</span> <span class='ocrx_word' id='word_1_68' title='bbox 612 2067 702 2150; x_wconf 90' lang='lat' dir='ltr'>pueri</span> <span class='ocrx_word' id='word_1_69' title='bbox 724 2068 829 2132; x_wconf 87' lang='lat' dir='ltr'>solent</span> <span class='ocrx_word' id='word_1_70' title='bbox 851 2067 1014 2144; x_wconf 85' lang='lat' dir='ltr'>ablactari,</span> 
     </span>
     <span class='ocr_line' id='line_1_14' title="bbox 280 2171 1017 2249; baseline -0.003 -12"><span class='ocrx_word' id='word_1_71' title='bbox 280 2173 402 2249; x_wconf 78' lang='lat' dir='ltr'>Quibus</span> <span class='ocrx_word' id='word_1_72' title='bbox 424 2193 577 2237; x_wconf 85' lang='lat' dir='ltr'>mammas</span> <span class='ocrx_word' id='word_1_73' title='bbox 600 2172 758 2237; x_wconf 86' lang='lat' dir='ltr'>modicum</span> <span class='ocrx_word' id='word_1_74' title='bbox 781 2176 830 2237; x_wconf 92' lang='lat' dir='ltr'>est</span> <span class='ocrx_word' id='word_1_75' title='bbox 852 2171 1017 2236; x_wconf 87' lang='lat' dir='ltr'>amaricari</span> 
     </span>
     <span class='ocr_line' id='line_1_15' title="bbox 279 2277 1147 2362; baseline -0.005 -18"><span class='ocrx_word' id='word_1_76' title='bbox 279 2277 424 2358; x_wconf 86' lang='lat' dir='ltr'>Necesse,</span> <span class='ocrx_word' id='word_1_77' title='bbox 447 2278 532 2361; x_wconf 90' lang='lat' dir='ltr'>quod</span> <span class='ocrx_word' id='word_1_78' title='bbox 554 2278 738 2343; x_wconf 85' lang='lat' dir='ltr'>abstineant</span> <span class='ocrx_word' id='word_1_79' title='bbox 760 2282 890 2362; x_wconf 90' lang='lat' dir='ltr'>propter</span> <span class='ocrx_word' id='word_1_80' title='bbox 911 2277 972 2342; x_wconf 88' lang='lat' dir='ltr'>hoe</span> <span class='ocrx_word' id='word_1_81' title='bbox 993 2298 1147 2355; x_wconf 86' lang='lat' dir='ltr'>amarum,</span> 
     </span>
     <span class='ocr_line' id='line_1_16' title="bbox 201 2382 1146 2469; baseline 0.004 -28"><span class='ocrx_word' id='word_1_82' title='bbox 201 2404 253 2442; x_wconf 75' lang='grc'><strong>1111</strong></span> <span class='ocrx_word' id='word_1_83' title='bbox 279 2383 359 2449; x_wconf 80' lang='lat' dir='ltr'>Cum</span> <span class='ocrx_word' id='word_1_84' title='bbox 382 2406 446 2469; x_wconf 94' lang='lat' dir='ltr'>quo</span> <span class='ocrx_word' id='word_1_85' title='bbox 469 2386 585 2447; x_wconf 86' lang='lat' dir='ltr'>matres</span> <span class='ocrx_word' id='word_1_86' title='bbox 608 2382 727 2447; x_wconf 89' lang='lat' dir='ltr'>liniunt</span> <span class='ocrx_word' id='word_1_87' title='bbox 749 2404 905 2447; x_wconf 84' lang='lat' dir='ltr'>mammas</span> <span class='ocrx_word' id='word_1_88' title='bbox 928 2404 1001 2447; x_wconf 87' lang='lat' dir='ltr'>suas</span> <span class='ocrx_word' id='word_1_89' title='bbox 1023 2404 1146 2465; x_wconf 85' lang='lat' dir='ltr'>parum.</span> 
     </span>
     <span class='ocr_line' id='line_1_17' title="bbox 278 2487 1138 2574; baseline -0.003 -20"><span class='ocrx_word' id='word_1_90' title='bbox 278 2487 363 2554; x_wconf 89' lang='lat' dir='ltr'>Nam</span> <span class='ocrx_word' id='word_1_91' title='bbox 386 2512 454 2554; x_wconf 91' lang='lat' dir='ltr'>rem</span> <span class='ocrx_word' id='word_1_92' title='bbox 477 2511 618 2554; x_wconf 87' lang='lat' dir='ltr'>amaram</span> <span class='ocrx_word' id='word_1_93' title='bbox 642 2489 782 2574; x_wconf 83' lang='lat' dir='ltr'>aliquem</span> <span class='ocrx_word' id='word_1_94' title='bbox 803 2492 927 2574; x_wconf 89' lang='lat' dir='ltr'>ponunt</span> <span class='ocrx_word' id='word_1_95' title='bbox 949 2511 1044 2573; x_wconf 89' lang='lat' dir='ltr'>super</span> <span class='ocrx_word' id='word_1_96' title='bbox 1066 2488 1138 2552; x_wconf 83' lang='lat' dir='ltr'>illas</span> 
     </span>
     <span class='ocr_line' id='line_1_18' title="bbox 280 2594 1043 2680; baseline -0.004 -20"><span class='ocrx_word' id='word_1_97' title='bbox 280 2594 341 2661; x_wconf 93' lang='lat' dir='ltr'>Per</span> <span class='ocrx_word' id='word_1_98' title='bbox 362 2596 423 2661; x_wconf 86' lang='lat' dir='ltr'>hoc</span> <span class='ocrx_word' id='word_1_99' title='bbox 444 2597 574 2660; x_wconf 89' lang='lat' dir='ltr'>horrere</span> <span class='ocrx_word' id='word_1_100' title='bbox 595 2596 718 2660; x_wconf 82' lang='lat' dir='ltr'>t‘aciunt</span> <span class='ocrx_word' id='word_1_101' title='bbox 739 2617 854 2680; x_wconf 87' lang='lat' dir='ltr'>pueros</span> <span class='ocrx_word' id='word_1_102' title='bbox 877 2594 1043 2659; x_wconf 87' lang='lat' dir='ltr'>mamillas.</span> 
     </span>
     <span class='ocr_line' id='line_1_19' title="bbox 279 2699 1073 2785; baseline -0.005 -19"><span class='ocrx_word' id='word_1_103' title='bbox 279 2699 354 2766; x_wconf 91' lang='lat' dir='ltr'>Non</span> <span class='ocrx_word' id='word_1_104' title='bbox 378 2706 484 2766; x_wconf 87' lang='lat' dir='ltr'>autem</span> <span class='ocrx_word' id='word_1_105' title='bbox 507 2723 586 2785; x_wconf 89' lang='lat' dir='ltr'>puer</span> <span class='ocrx_word' id='word_1_106' title='bbox 608 2699 701 2765; x_wconf 87' lang='lat' dir='ltr'>Jesus</span> <span class='ocrx_word' id='word_1_107' title='bbox 724 2704 793 2765; x_wconf 89' lang='lat' dir='ltr'>erat</span> <span class='ocrx_word' id='word_1_108' title='bbox 816 2700 924 2764; x_wconf 79' lang='lat' dir='ltr'>taliter</span> <span class='ocrx_word' id='word_1_109' title='bbox 946 2703 1073 2763; x_wconf 84' lang='lat' dir='ltr'>coactus</span> 
     </span>
     <span class='ocr_line' id='line_1_20' title="bbox 280 2803 1100 2886; baseline -0.005 -16"><span class='ocrx_word' id='word_1_110' title='bbox 280 2807 459 2886; x_wconf 80' lang='lat' dir='ltr'>Abstinere,</span> <span class='ocrx_word' id='word_1_111' title='bbox 483 2829 539 2871; x_wconf 89' lang='lat' dir='ltr'>nec</span> <span class='ocrx_word' id='word_1_112' title='bbox 563 2829 582 2870; x_wconf 92' lang='lat' dir='ltr'>a</span> <span class='ocrx_word' id='word_1_113' title='bbox 603 2806 715 2870; x_wconf 84' lang='lat' dir='ltr'>matris</span> <span class='ocrx_word' id='word_1_114' title='bbox 738 2805 889 2869; x_wconf 85' lang='lat' dir='ltr'>uberibus</span> <span class='ocrx_word' id='word_1_115' title='bbox 913 2803 1100 2881; x_wconf 86' lang='lat' dir='ltr'>abstractus,</span> 
     </span>
     <span class='ocr_line' id='line_1_21' title="bbox 201 2894 1044 2995; baseline -0.007 -18"><span class='ocrx_word' id='word_1_116' title='bbox 201 2931 253 2968; x_wconf 74' lang='lat'>2⁶20</span> <span class='ocrx_word' id='word_1_117' title='bbox 282 2910 365 2977; x_wconf 88' lang='lat' dir='ltr'>Nem</span> <span class='ocrx_word' id='word_1_118' title='bbox 389 2901 422 2977; x_wconf 89' lang='lat' dir='ltr'>se</span> <span class='ocrx_word' id='word_1_119' title='bbox 444 2934 501 2976; x_wconf 92' lang='lat' dir='ltr'>suo</span> <span class='ocrx_word' id='word_1_120' title='bbox 523 2894 666 2995; x_wconf 76' lang='lat' dir='ltr'>tempore</span> <span class='ocrx_word' id='word_1_121' title='bbox 690 2910 826 2975; x_wconf 84' lang='lat' dir='ltr'>retraxit</span> <span class='ocrx_word' id='word_1_122' title='bbox 847 2909 1044 2985; x_wconf 89' lang='lat' dir='ltr'>abstinendo,</span> 
     </span>
     <span class='ocr_line' id='line_1_22' title="bbox 279 3015 961 3102; baseline -0.003 -21"><span class='ocrx_word' id='word_1_123' title='bbox 279 3015 398 3101; x_wconf 82' lang='lat' dir='ltr'>Sponte</span> <span class='ocrx_word' id='word_1_124' title='bbox 421 3040 479 3081; x_wconf 92' lang='lat' dir='ltr'>sua</span> <span class='ocrx_word' id='word_1_125' title='bbox 501 3038 566 3082; x_wconf 88' lang='lat' dir='ltr'>non</span> <span class='ocrx_word' id='word_1_126' title='bbox 589 3039 626 3081; x_wconf 87' lang='lat' dir='ltr'>ea</span> <span class='ocrx_word' id='word_1_127' title='bbox 648 3017 752 3102; x_wconf 84' lang='lat' dir='ltr'>magis</span> <span class='ocrx_word' id='word_1_128' title='bbox 766 3016 961 3101; x_wconf 84' lang='lat' dir='ltr'>appetendo.</span> 
     </span>
    </p>
   </div>
   <div class='ocr_carea' id='block_1_5' title="bbox 320 3331 1082 3425">
    <p class='ocr_par' dir='ltr' id='par_1_6' title="bbox 320 3331 1082 3425">
     <span class='ocr_line' id='line_1_23' title="bbox 320 3331 1082 3425; baseline 0.004 -23"><span class='ocrx_word' id='word_1_129' title='bbox 320 3331 414 3416; x_wconf 80' lang='lat' dir='ltr'>Quid</span> <span class='ocrx_word' id='word_1_130' title='bbox 442 3331 553 3404; x_wconf 82' lang='lat' dir='ltr'>Jesus</span> <span class='ocrx_word' id='word_1_131' title='bbox 580 3333 659 3425; x_wconf 86' lang='lat' dir='ltr'>egit</span> <span class='ocrx_word' id='word_1_132' title='bbox 686 3335 772 3425; x_wconf 88' lang='lat' dir='ltr'>post</span> <span class='ocrx_word' id='word_1_133' title='bbox 800 3331 924 3405; x_wconf 90' lang='lat' dir='ltr'>decem</span> <span class='ocrx_word' id='word_1_134' title='bbox 954 3354 1082 3405; x_wconf 88' lang='lat' dir='ltr'>annos.</span> 
     </span>
    </p>
   </div>
   <div class='ocr_carea' id='block_1_6' title="bbox 183 3539 1147 4572">
    <p class='ocr_par' dir='ltr' id='par_1_7' title="bbox 278 3539 1139 3835">
     <span class='ocr_line' id='line_1_24' title="bbox 280 3539 1139 3625; baseline -0.001 -22"><span class='ocrx_word' id='word_1_135' title='bbox 280 3539 451 3624; x_wconf 85' lang='lat' dir='ltr'>Postquam</span> <span class='ocrx_word' id='word_1_136' title='bbox 475 3562 554 3625; x_wconf 90' lang='lat' dir='ltr'>puer</span> <span class='ocrx_word' id='word_1_137' title='bbox 576 3539 670 3605; x_wconf 90' lang='lat' dir='ltr'>Jesus</span> <span class='ocrx_word' id='word_1_138' title='bbox 693 3563 793 3605; x_wconf 87' lang='lat' dir='ltr'>annos</span> <span class='ocrx_word' id='word_1_139' title='bbox 817 3540 922 3604; x_wconf 86' lang='lat' dir='ltr'>decem</span> <span class='ocrx_word' id='word_1_140' title='bbox 945 3539 1139 3623; x_wconf 76' lang='lat' dir='ltr'>adimplevit,</span> 
     </span>
     <span class='ocr_line' id='line_1_25' title="bbox 280 3643 1063 3729; baseline 0 -21"><span class='ocrx_word' id='word_1_141' title='bbox 280 3643 394 3709; x_wconf 83' lang='lat' dir='ltr'>Ridere</span> <span class='ocrx_word' id='word_1_142' title='bbox 416 3667 580 3728; x_wconf 86' lang='lat' dir='ltr'>nunquam</span> <span class='ocrx_word' id='word_1_143' title='bbox 605 3645 724 3729; x_wconf 85' lang='lat' dir='ltr'>aliquid</span> <span class='ocrx_word' id='word_1_144' title='bbox 746 3649 857 3728; x_wconf 89' lang='lat' dir='ltr'>postea</span> <span class='ocrx_word' id='word_1_145' title='bbox 880 3645 1063 3717; x_wconf 80' lang='lat' dir='ltr'>consuevit3</span> 
     </span>
     <span class='ocr_line' id='line_1_26' title="bbox 278 3747 986 3835; baseline -0.001 -21"><span class='ocrx_word' id='word_1_146' title='bbox 278 3747 390 3835; x_wconf 86' lang='lat' dir='ltr'>Neque</span> <span class='ocrx_word' id='word_1_147' title='bbox 412 3750 534 3833; x_wconf 85' lang='lat' dir='ltr'>puerile</span> <span class='ocrx_word' id='word_1_148' title='bbox 558 3751 635 3833; x_wconf 89' lang='lat' dir='ltr'>quid</span> <span class='ocrx_word' id='word_1_149' title='bbox 657 3751 757 3835; x_wconf 83' lang='lat' dir='ltr'>gessit</span> <span class='ocrx_word' id='word_1_150' title='bbox 780 3772 880 3834; x_wconf 90' lang='lat' dir='ltr'>neque</span> <span class='ocrx_word' id='word_1_151' title='bbox 904 3749 986 3826; x_wconf 87' lang='lat' dir='ltr'>risit,</span> 
     </span>
    </p>

    <p class='ocr_par' dir='ltr' id='par_1_8' title="bbox 197 3851 1147 4045">
     <span class='ocr_line' id='line_1_27' title="bbox 197 3851 1147 3939; baseline -0.002 -20"><span class='ocrx_word' id='word_1_152' title='bbox 197 3873 253 3939; x_wconf 72' lang='lat'>¹2⁵2⁶</span> <span class='ocrx_word' id='word_1_153' title='bbox 279 3854 323 3919; x_wconf 80' lang='lat' dir='ltr'>Et</span> <span class='ocrx_word' id='word_1_154' title='bbox 346 3851 478 3919; x_wconf 77' lang='lat' dir='ltr'>verbum</span> <span class='ocrx_word' id='word_1_155' title='bbox 500 3855 568 3919; x_wconf 88' lang='lat' dir='ltr'>sine</span> <span class='ocrx_word' id='word_1_156' title='bbox 590 3855 728 3939; x_wconf 89' lang='lat' dir='ltr'>pondere</span> <span class='ocrx_word' id='word_1_157' title='bbox 750 3876 913 3938; x_wconf 88' lang='lat' dir='ltr'>nunquam</span> <span class='ocrx_word' id='word_1_158' title='bbox 938 3859 1010 3937; x_wconf 88' lang='lat' dir='ltr'>post</span> <span class='ocrx_word' id='word_1_159' title='bbox 1033 3854 1147 3918; x_wconf 89' lang='lat' dir='ltr'>emisit.</span> 
     </span>
     <span class='ocr_line' id='line_1_28' title="bbox 279 3959 1013 4045; baseline -0.001 -21"><span class='ocrx_word' id='word_1_160' title='bbox 279 3959 398 4025; x_wconf 80' lang='lat' dir='ltr'>Tamen</span> <span class='ocrx_word' id='word_1_161' title='bbox 422 3960 573 4045; x_wconf 91' lang='lat' dir='ltr'>quicquid</span> <span class='ocrx_word' id='word_1_162' title='bbox 596 3965 689 4025; x_wconf 87' lang='lat' dir='ltr'>antea</span> <span class='ocrx_word' id='word_1_163' title='bbox 711 3983 790 4044; x_wconf 90' lang='lat' dir='ltr'>puer</span> <span class='ocrx_word' id='word_1_164' title='bbox 813 3960 1013 4044; x_wconf 86' lang='lat' dir='ltr'>loquebatur,</span> 
     </span>
    </p>

    <p class='ocr_par' dir='ltr' id='par_1_9' title="bbox 183 4063 1115 4361">
     <span class='ocr_line' id='line_1_29' title="bbox 183 4063 868 4143; baseline -0.001 -13"><span class='ocrx_word' id='word_1_165' title='bbox 183 4136 186 4141; x_wconf 50' lang='grc'>,</span> <span class='ocrx_word' id='word_1_166' title='bbox 278 4063 362 4130; x_wconf 93' lang='lat' dir='ltr'>Illud</span> <span class='ocrx_word' id='word_1_167' title='bbox 385 4087 442 4130; x_wconf 89' lang='lat' dir='ltr'>uec</span> <span class='ocrx_word' id='word_1_168' title='bbox 464 4064 577 4129; x_wconf 90' lang='lat' dir='ltr'>inutile</span> <span class='ocrx_word' id='word_1_169' title='bbox 599 4064 669 4129; x_wconf 88' lang='lat' dir='ltr'>fore</span> <span class='ocrx_word' id='word_1_170' title='bbox 690 4065 868 4143; x_wconf 84' lang='lat' dir='ltr'>ridebatur,</span> 
     </span>
     <span class='ocr_line' id='line_1_30' title="bbox 279 4155 1115 4255; baseline -0.002 -19"><span class='ocrx_word' id='word_1_171' title='bbox 279 4170 432 4247; x_wconf 84' lang='lat' dir='ltr'>Quamvis</span> <span class='ocrx_word' id='word_1_172' title='bbox 454 4171 584 4235; x_wconf 91' lang='lat' dir='ltr'>modum</span> <span class='ocrx_word' id='word_1_173' title='bbox 605 4171 759 4255; x_wconf 91' lang='lat' dir='ltr'>puerilem</span> <span class='ocrx_word' id='word_1_174' title='bbox 781 4155 959 4236; x_wconf 80' lang='lat' dir='ltr'>infantulus</span> <span class='ocrx_word' id='word_1_175' title='bbox 983 4174 1115 4247; x_wconf 90' lang='lat' dir='ltr'>teneret,</span> 
     </span>
     <span class='ocr_line' id='line_1_31' title="bbox 279 4276 970 4361; baseline -0.003 -19"><span class='ocrx_word' id='word_1_176' title='bbox 279 4277 324 4342; x_wconf 91' lang='lat' dir='ltr'>Ut</span> <span class='ocrx_word' id='word_1_177' title='bbox 345 4276 445 4361; x_wconf 91' lang='lat' dir='ltr'>ipsius</span> <span class='ocrx_word' id='word_1_178' title='bbox 468 4281 700 4342; x_wconf 84' lang='lat' dir='ltr'>sacramentum</span> <span class='ocrx_word' id='word_1_179' title='bbox 723 4277 833 4342; x_wconf 89' lang='lat' dir='ltr'>taliter</span> <span class='ocrx_word' id='word_1_180' title='bbox 855 4277 970 4341; x_wconf 83' lang='lat' dir='ltr'>lateret</span> 
     </span>
    </p>

    <p class='ocr_par' dir='ltr' id='par_1_10' title="bbox 199 4382 1096 4572">
     <span class='ocr_line' id='line_1_32' title="bbox 199 4382 1096 4467; baseline -0.002 -20"><span class='ocrx_word' id='word_1_181' title='bbox 199 4403 252 4440; x_wconf 69' lang='lat' dir='ltr'>esso</span> <span class='ocrx_word' id='word_1_182' title='bbox 279 4382 436 4447; x_wconf 90' lang='lat' dir='ltr'>Demoues</span> <span class='ocrx_word' id='word_1_183' title='bbox 459 4387 491 4447; x_wconf 91' lang='lat' dir='ltr'>et</span> <span class='ocrx_word' id='word_1_184' title='bbox 513 4382 598 4466; x_wconf 90' lang='lat' dir='ltr'>quod</span> <span class='ocrx_word' id='word_1_185' title='bbox 621 4383 661 4447; x_wconf 88' lang='lat' dir='ltr'>ab</span> <span class='ocrx_word' id='word_1_186' title='bbox 684 4383 734 4447; x_wconf 91' lang='lat' dir='ltr'>his</span> <span class='ocrx_word' id='word_1_187' title='bbox 757 4405 822 4447; x_wconf 91' lang='lat' dir='ltr'>non</span> <span class='ocrx_word' id='word_1_188' title='bbox 844 4386 1096 4467; x_wconf 79' lang='lat' dir='ltr'>cognosceretur,</span> 
     </span>
     <span class='ocr_line' id='line_1_33' title="bbox 278 4485 1059 4572; baseline -0.004 -20"><span class='ocrx_word' id='word_1_189' title='bbox 278 4485 391 4572; x_wconf 88' lang='lat' dir='ltr'>Neque</span> <span class='ocrx_word' id='word_1_190' title='bbox 414 4487 499 4571; x_wconf 92' lang='lat' dir='ltr'>quod</span> <span class='ocrx_word' id='word_1_191' title='bbox 521 4486 561 4551; x_wconf 89' lang='lat' dir='ltr'>ab</span> <span class='ocrx_word' id='word_1_192' title='bbox 584 4487 690 4572; x_wconf 85' lang='lat' dir='ltr'>impiis</span> <span class='ocrx_word' id='word_1_193' title='bbox 713 4487 872 4552; x_wconf 80' lang='lat' dir='ltr'>fantasma</span> <span class='ocrx_word' id='word_1_194' title='bbox 894 4487 1059 4551; x_wconf 86' lang='lat' dir='ltr'>diceretur.</span> 
     </span>
    </p>
   </div>
   <div class='ocr_carea' id='block_1_7' title="bbox 0 0 1505 5125">
    <p class='ocr_par' dir='ltr' id='par_1_11' title="bbox 0 0 1505 5125">
     <span class='ocr_line' id='line_1_34' title="bbox 0 0 1505 5125; baseline 0 0"><span class='ocrx_word' id='word_1_195' title='bbox 0 0 1505 5125; x_wconf 95' lang='lat' dir='ltr'> </span> 
     </span>
    </p>
   </div>
  </div>
 </body>
</html>
