3000 5125
544 345 745 434 ,ar

137 630 253 715 Quod
289 630 409 702 Maria
436 631 542 725 virgo
579 631 619 701 in
651 633 760 703 utero
797 631 930 703 matris
965 629 1223 703 sanctificatur
1257 633 1297 703 et

136 776 215 848 per
254 754 427 849 spiritum
464 757 637 828 sanctum
678 753 725 826 ab
767 754 942 848 originali
979 755 1135 849 peccato
1168 755 1207 825 et
1247 754 1294 825 ab

331 878 435 950 omni
461 877 592 949 fomite
619 880 861 972 peccatorum
890 877 1106 949 mundatur.

302 1050 382 1117 (ium
405 1073 461 1135 per
483 1052 634 1116 mundam
658 1051 798 1115 animam
820 1051 884 1115 iam
907 1051 1128 1135 organizatum

208 1191 215 1204 κ
301 1157 396 1221 Esset
417 1156 478 1220 hoc
499 1154 721 1239 corpusculum
744 1158 776 1219 et
799 1155 1003 1234 vivificatum,

236 1279 275 1317 ³⁸⁶
302 1261 500 1326 Descendens
523 1264 651 1325 sanctus
674 1260 805 1344 spiritus
827 1260 911 1324 hanc
933 1261 1144 1326 sanctificavit

302 1366 415 1432 Adhuc
437 1368 471 1431 in
495 1367 607 1431 matris
628 1370 730 1444 utere,
754 1389 810 1431 seu
832 1366 1013 1450 purificavit

300 1471 476 1538 Immundis
499 1497 518 1537 a
540 1473 698 1557 contagiis
721 1476 754 1536 et
776 1472 927 1557 originali

302 1577 444 1656 peccato,
467 1599 521 1642 seu
544 1577 677 1641 libidine
700 1575 750 1640 vel
772 1575 884 1641 fomite
907 1576 1038 1641 carnali.

300 1682 412 1767 Itaque
435 1685 563 1747 sanctus
585 1682 716 1766 spiritus
739 1682 773 1745 in
796 1703 833 1747 ea
855 1682 1022 1767 requievit,
1076 1695 1087 1716 ‘

235 1808 274 1845 ⁸⁹0
301 1787 368 1853 Nec
390 1810 454 1854 non
478 1810 546 1852 eam
570 1787 748 1871 septiformi
771 1788 878 1871 gratia
901 1788 1046 1871 replevit,

299 1895 343 1960 Et
365 1894 487 1958 cunctis
510 1893 709 1977 spiritalibus
732 1893 856 1957 dotavit
879 1915 948 1957 eam
971 1890 1073 1969 donis,

299 1998 366 2064 Nec
389 2021 453 2062 non
476 1996 676 2063 naturalibus
699 1999 827 2063 ornavit
849 2022 919 2063 eam
942 1997 1044 2062 bonis.

299 2103 350 2168 Sic
372 2104 514 2169 nondum
536 2107 612 2168 nata
635 2104 739 2188 proles
761 2103 820 2168 hec
841 2127 898 2188 per
919 2103 985 2168 vite
1007 2102 1240 2166 nutrimentum

299 2210 343 2276 Et
365 2232 421 2294 per
443 2214 589 2275 sanctum
611 2210 761 2294 spiritum
783 2210 903 2294 decepit
924 2210 1166 2274 incrementum.

335 2449 389 2523 De
417 2448 619 2521 nativitate
648 2448 759 2521 beate
786 2446 941 2540 virginis
968 2446 1096 2519 Marie.

235 2654 273 2692 ενδ
300 2635 360 2701 Sed
384 2658 456 2700 cum
478 2639 603 2719 tempus
626 2634 805 2699 advenisset
828 2633 920 2698 Anne
942 2631 1086 2717 pariendi

298 2739 450 2825 Horaque
472 2741 664 2805 sanctissimi
686 2740 839 2825 germinis
862 2738 1021 2816 nascendi,

297 2844 424 2911 Prolem
445 2846 661 2911 beatissimam
683 2845 806 2929 peperit
828 2844 923 2909 beata

297 2952 402 3016 Mater
424 2975 481 3037 per
502 2934 601 3037 quam*
621 2951 706 3015 salus
729 2954 778 3015 est
800 2951 861 3015 toti
885 2951 1002 3014 mundo
1024 2951 1109 3014 data.

298 3056 460 3144 Sexusque
481 3058 610 3123 feminei
631 3057 670 3121 fit
691 3058 796 3142 proles
818 3057 876 3121 hec
897 3056 1009 3135 fidelis,
1190 3036 1194 3053 ¹

231 3183 270 3220 ⁴⁰0
297 3162 344 3229 Ut
366 3167 451 3248 patri
474 3164 820 3230 nuntiaverant‘verba
842 3162 1024 3247 Raphaelis.

296 3269 482 3336 Jocunditas
505 3275 538 3337 et
559 3271 712 3356 gaudium
734 3269 862 3354 utrique
884 3268 922 3334 fit
944 3268 1096 3353 parenti,⁴

198 3425 202 3431 .
296 3374 381 3440 Nam
404 3375 587 3442 letabantur
609 3376 741 3440 nimium
767 3375 805 3439 de
826 3396 924 3459 puero
947 3373 1099 3452 nascenti,

296 3481 341 3546 Et
363 3482 575 3547 decantabant
597 3482 756 3547 canticum
777 3503 849 3545 cum
872 3478 1077 3557 exultatione,

279 3825 475 3899 Canticum
503 3825 528 3898 J
530 3824 677 3896 oachim
704 3825 823 3919 patris
852 3822 988 3896 Sancte
1015 3822 1145 3896 Mario.

228 4027 269 4065 40⁶
296 4006 391 4072 Pater
413 4007 511 4091 prolis
534 3982 863 4071 Joachimcanticum
886 4006 1048 4084 cantabat,

295 4112 362 4179 Geli
384 4117 468 4195 terre
490 4117 662 4177 creatorem
685 4112 743 4177 hec
767 4112 873 4177 dicens
896 4111 1116 4176 collaudabat:

702 4243 721 4283 a

208 4357 242 4411 In
260 4357 310 4412 der
327 4357 497 4413 uberachrift
516 4358 589 4413 uach
608 4359 659 4414 382
678 4360 750 4413 aetat
768 4357 797 4411 Μ
815 4374 869 4410 nur
887 4355 933 4415 die
951 4358 1045 4413 ersten
1062 4354 1157 4413 siebeu
1176 4356 1287 4411 uerter.

136 4446 187 4503 391
207 4444 264 4499 und
283 4447 335 4502 392
353 4446 447 4503 fehlen
466 4447 496 4502 in
515 4446 547 4506 (l.
1045 4466 1048 4471 ·
