<?xml version="1.0" encoding="UTF-8"?>
<!DOCTYPE html PUBLIC "-//W3C//DTD XHTML 1.0 Transitional//EN"
    "http://www.w3.org/TR/xhtml1/DTD/xhtml1-transitional.dtd">
<html xmlns="http://www.w3.org/1999/xhtml" xml:lang="en" lang="en">
 <head>
  <title>
</title>
<meta http-equiv="Content-Type" content="text/html;charset=utf-8" />
  <meta name='ocr-system' content='tesseract 3.04.00' />
  <meta name='ocr-capabilities' content='ocr_page ocr_carea ocr_par ocr_line ocrx_word'/>
</head>
<body>
  <div class='ocr_page' id='page_1' title='image "./vitabeatevirgin02vggoog_0082.png"; bbox 0 0 3000 5125; ppageno 0'>
   <div class='ocr_carea' id='block_1_1' title="bbox 758 343 800 411">
    <p class='ocr_par' dir='ltr' id='par_1_1' title="bbox 758 343 800 411">
     <span class='ocr_line' id='line_1_1' title="bbox 758 343 800 411; baseline 0.024 -1"><span class='ocrx_word' id='word_1_1' title='bbox 758 343 800 411; x_wconf 83' lang='lat'><strong>70</strong></span> 
     </span>
    </p>
   </div>
   <div class='ocr_carea' id='block_1_2' title="bbox 283 519 1322 1428">
    <p class='ocr_par' dir='ltr' id='par_1_2' title="bbox 283 519 1322 1428">
     <span class='ocr_line' id='line_1_2' title="bbox 362 519 1296 603; baseline -0.001 -17"><span class='ocrx_word' id='word_1_2' title='bbox 362 521 496 586; x_wconf 86' lang='lat' dir='ltr'><strong>Stellam</strong></span> <span class='ocrx_word' id='word_1_3' title='bbox 518 535 634 584; x_wconf 84' lang='lat' dir='ltr'><strong>novam</strong></span> <span class='ocrx_word' id='word_1_4' title='bbox 658 542 755 603; x_wconf 90' lang='lat' dir='ltr'><strong>supra</strong></span> <span class='ocrx_word' id='word_1_5' title='bbox 777 520 905 583; x_wconf 90' lang='lat' dir='ltr'><strong>domum</strong></span> <span class='ocrx_word' id='word_1_6' title='bbox 929 524 1064 584; x_wconf 90' lang='lat' dir='ltr'><strong>cernunt</strong></span> <span class='ocrx_word' id='word_1_7' title='bbox 1085 524 1117 585; x_wconf 91' lang='lat' dir='ltr'><strong>et</strong></span> <span class='ocrx_word' id='word_1_8' title='bbox 1138 519 1296 585; x_wconf 88' lang='lat' dir='ltr'><strong>infantem</strong></span> 
     </span>
     <span class='ocr_line' id='line_1_3' title="bbox 283 624 1148 718; baseline 0.008 -36"><span class='ocrx_word' id='word_1_9' title='bbox 283 646 335 684; x_wconf 80' lang='lat' dir='ltr'><strong>noe</strong></span> <span class='ocrx_word' id='word_1_10' title='bbox 362 626 442 691; x_wconf 84' lang='lat' dir='ltr'><strong>Cum</strong></span> <span class='ocrx_word' id='word_1_11' title='bbox 465 625 570 690; x_wconf 88' lang='lat' dir='ltr'><strong>Maria</strong></span> <span class='ocrx_word' id='word_1_12' title='bbox 590 629 693 690; x_wconf 89' lang='lat' dir='ltr'><strong>matre</strong></span> <span class='ocrx_word' id='word_1_13' title='bbox 715 648 773 689; x_wconf 90' lang='lat' dir='ltr'><strong>sua</strong></span> <span class='ocrx_word' id='word_1_14' title='bbox 795 624 974 718; x_wconf 83' lang='lat' dir='ltr'><strong>panniculis</strong></span> <span class='ocrx_word' id='word_1_15' title='bbox 997 625 1148 703; x_wconf 78' lang='lat' dir='ltr'><strong>velatum,</strong></span> 
     </span>
     <span class='ocr_line' id='line_1_4' title="bbox 362 729 1322 814; baseline -0.003 -18"><span class='ocrx_word' id='word_1_16' title='bbox 362 731 400 796; x_wconf 91' lang='lat' dir='ltr'><strong>In</strong></span> <span class='ocrx_word' id='word_1_17' title='bbox 424 731 515 795; x_wconf 86' lang='lat' dir='ltr'><strong>bovis</strong></span> <span class='ocrx_word' id='word_1_18' title='bbox 538 730 626 796; x_wconf 92' lang='lat' dir='ltr'><strong>etin</strong></span> <span class='ocrx_word' id='word_1_19' title='bbox 649 731 731 795; x_wconf 88' lang='lat' dir='ltr'><strong>asini</strong></span> <span class='ocrx_word' id='word_1_20' title='bbox 753 729 898 814; x_wconf 87' lang='lat' dir='ltr'><strong>presepio</strong></span> <span class='ocrx_word' id='word_1_21' title='bbox 921 732 1070 795; x_wconf 89' lang='lat' dir='ltr'><strong>locatum.</strong></span> <span class='ocrx_word' id='word_1_22' title='bbox 1320 805 1322 809; x_wconf 23' lang='grc' dir='ltr'>Ι</span> 
     </span>
     <span class='ocr_line' id='line_1_5' title="bbox 363 836 1270 921; baseline -0.003 -20"><span class='ocrx_word' id='word_1_23' title='bbox 363 837 516 901; x_wconf 84' lang='lat' dir='ltr'><strong>Mirantes</strong></span> <span class='ocrx_word' id='word_1_24' title='bbox 538 837 596 901; x_wconf 85' lang='lat' dir='ltr'><strong>hec</strong></span> <span class='ocrx_word' id='word_1_25' title='bbox 618 858 679 921; x_wconf 90' lang='lat' dir='ltr'><strong>que</strong></span> <span class='ocrx_word' id='word_1_26' title='bbox 701 836 787 900; x_wconf 80' lang='lat' dir='ltr'><strong>facta</strong></span> <span class='ocrx_word' id='word_1_27' title='bbox 809 840 884 899; x_wconf 86' lang='lat' dir='ltr'><strong>sunt</strong></span> <span class='ocrx_word' id='word_1_28' title='bbox 906 836 1029 900; x_wconf 80' lang='lat' dir='ltr'><strong>cunctis</strong></span> <span class='ocrx_word' id='word_1_29' title='bbox 1052 840 1270 911; x_wconf 77' lang='lat' dir='ltr'><strong>narraverunt,</strong></span> 
     </span>
     <span class='ocr_line' id='line_1_6' title="bbox 363 940 1205 1024; baseline -0.001 -19"><span class='ocrx_word' id='word_1_30' title='bbox 363 940 453 1018; x_wconf 84' lang='lat' dir='ltr'><strong>Quod</strong></span> <span class='ocrx_word' id='word_1_31' title='bbox 476 943 606 1024; x_wconf 71' lang='lat' dir='ltr'><strong>angelos</strong></span> <span class='ocrx_word' id='word_1_32' title='bbox 630 941 797 1005; x_wconf 87' lang='lat' dir='ltr'><strong>audierant</strong></span> <span class='ocrx_word' id='word_1_33' title='bbox 820 940 1023 1005; x_wconf 76' lang='lat' dir='ltr'><strong>aesiderant</strong></span> <span class='ocrx_word' id='word_1_34' title='bbox 1048 941 1205 1004; x_wconf 85' lang='lat' dir='ltr'><strong>dixerunt.</strong></span> 
     </span>
     <span class='ocr_line' id='line_1_7' title="bbox 366 1045 1044 1111; baseline -0.004 0"><span class='ocrx_word' id='word_1_35' title='bbox 366 1047 539 1111; x_wconf 81' lang='lat' dir='ltr'><strong>Audientes</strong></span> <span class='ocrx_word' id='word_1_36' title='bbox 564 1046 702 1111; x_wconf 82' lang='lat' dir='ltr'><strong>universi</strong></span> <span class='ocrx_word' id='word_1_37' title='bbox 725 1046 819 1110; x_wconf 88' lang='lat' dir='ltr'><strong>nimis</strong></span> <span class='ocrx_word' id='word_1_38' title='bbox 842 1045 1044 1109; x_wconf 75' lang='lat' dir='ltr'><strong>mirabantur</strong></span> 
     </span>
     <span class='ocr_line' id='line_1_8' title="bbox 283 1150 1155 1236; baseline -0.003 -20"><span class='ocrx_word' id='word_1_39' title='bbox 283 1170 336 1208; x_wconf 81' lang='grc'>9999</span> <span class='ocrx_word' id='word_1_40' title='bbox 365 1152 416 1216; x_wconf 82' lang='lat' dir='ltr'><strong>Ex</strong></span> <span class='ocrx_word' id='word_1_41' title='bbox 438 1152 500 1215; x_wconf 94' lang='lat' dir='ltr'><strong>hoo</strong></span> <span class='ocrx_word' id='word_1_42' title='bbox 522 1153 606 1236; x_wconf 91' lang='lat' dir='ltr'><strong>quod</strong></span> <span class='ocrx_word' id='word_1_43' title='bbox 629 1175 648 1215; x_wconf 90' lang='lat' dir='ltr'><strong>a</strong></span> <span class='ocrx_word' id='word_1_44' title='bbox 671 1150 853 1235; x_wconf 78' lang='lat' dir='ltr'>pastoribus</span> <span class='ocrx_word' id='word_1_45' title='bbox 875 1151 938 1214; x_wconf 89' lang='lat' dir='ltr'><strong>ista</strong></span> <span class='ocrx_word' id='word_1_46' title='bbox 961 1151 1155 1215; x_wconf 78' lang='lat' dir='ltr'><strong>dicebantur.</strong></span> 
     </span>
     <span class='ocr_line' id='line_1_9' title="bbox 363 1256 1203 1334; baseline -0.005 -13"><span class='ocrx_word' id='word_1_47' title='bbox 363 1256 432 1321; x_wconf 92' lang='lat' dir='ltr'><strong>Hec</strong></span> <span class='ocrx_word' id='word_1_48' title='bbox 453 1257 558 1322; x_wconf 88' lang='lat' dir='ltr'><strong>Maria</strong></span> <span class='ocrx_word' id='word_1_49' title='bbox 580 1258 743 1321; x_wconf 85' lang='lat' dir='ltr'><strong>conferens</strong></span> <span class='ocrx_word' id='word_1_50' title='bbox 765 1257 798 1320; x_wconf 94' lang='lat' dir='ltr'><strong>in</strong></span> <span class='ocrx_word' id='word_1_51' title='bbox 823 1256 916 1320; x_wconf 87' lang='lat' dir='ltr'><strong>corde</strong></span> <span class='ocrx_word' id='word_1_52' title='bbox 941 1256 1149 1320; x_wconf 86' lang='lat' dir='ltr'><strong>conservabat</strong></span> <span class='ocrx_word' id='word_1_53' title='bbox 1201 1329 1203 1334; x_wconf 68' lang='lat'>,</span> 
     </span>
     <span class='ocr_line' id='line_1_10' title="bbox 363 1362 1027 1428; baseline -0.002 -2"><span class='ocrx_word' id='word_1_54' title='bbox 363 1362 408 1426; x_wconf 82' lang='lat' dir='ltr'><strong>Et</strong></span> <span class='ocrx_word' id='word_1_55' title='bbox 431 1362 538 1428; x_wconf 88' lang='lat' dir='ltr'><strong>omnia</strong></span> <span class='ocrx_word' id='word_1_56' title='bbox 560 1362 710 1428; x_wconf 79' lang='lat' dir='ltr'><strong>memorie</strong></span> <span class='ocrx_word' id='word_1_57' title='bbox 732 1383 788 1428; x_wconf 89' lang='lat' dir='ltr'><strong>sue</strong></span> <span class='ocrx_word' id='word_1_58' title='bbox 810 1362 1027 1427; x_wconf 88' lang='lat' dir='ltr'><strong>comendabat.</strong></span> 
     </span>
    </p>
   </div>
   <div class='ocr_carea' id='block_1_3' title="bbox 209 1640 1364 1858">
    <p class='ocr_par' dir='ltr' id='par_1_3' title="bbox 209 1640 1364 1858">
     <span class='ocr_line' id='line_1_11' title="bbox 209 1640 1364 1761; baseline -0.004 -25"><span class='ocrx_word' id='word_1_59' title='bbox 209 1667 262 1737; x_wconf 90' lang='lat' dir='ltr'><strong>De</strong></span> <span class='ocrx_word' id='word_1_60' title='bbox 293 1640 510 1761; x_wconf 82' lang='lat' dir='ltr'><strong>signisque</strong></span> <span class='ocrx_word' id='word_1_61' title='bbox 537 1664 680 1736; x_wconf 83' lang='lat' dir='ltr'><strong>fiebant</strong></span> <span class='ocrx_word' id='word_1_62' title='bbox 706 1686 773 1757; x_wconf 89' lang='lat' dir='ltr'><strong>per</strong></span> <span class='ocrx_word' id='word_1_63' title='bbox 799 1667 925 1757; x_wconf 88' lang='lat' dir='ltr'><strong>totum</strong></span> <span class='ocrx_word' id='word_1_64' title='bbox 953 1663 1136 1734; x_wconf 88' lang='lat' dir='ltr'><strong>mundum</strong></span> <span class='ocrx_word' id='word_1_65' title='bbox 1162 1662 1199 1734; x_wconf 90' lang='lat' dir='ltr'><strong>in</strong></span> <span class='ocrx_word' id='word_1_66' title='bbox 1224 1662 1364 1733; x_wconf 85' lang='lat' dir='ltr'><strong>nativi—</strong></span> 
     </span>
     <span class='ocr_line' id='line_1_12' title="bbox 627 1785 928 1858; baseline 0 -1"><span class='ocrx_word' id='word_1_67' title='bbox 627 1789 750 1858; x_wconf 87' lang='lat' dir='ltr'><strong>tatem</strong></span> <span class='ocrx_word' id='word_1_68' title='bbox 779 1785 928 1858; x_wconf 75' lang='lat' dir='ltr'><strong>Christi.</strong></span> 
     </span>
    </p>
   </div>
   <div class='ocr_carea' id='block_1_4' title="bbox 287 1983 1323 4501">
    <p class='ocr_par' dir='ltr' id='par_1_4' title="bbox 287 1983 1323 4501">
     <span class='ocr_line' id='line_1_13' title="bbox 365 1983 1096 2073; baseline -0.004 -12"><span class='ocrx_word' id='word_1_69' title='bbox 365 1996 501 2061; x_wconf 78' lang='lat' dir='ltr'><strong>Diversa</strong></span> <span class='ocrx_word' id='word_1_70' title='bbox 523 1999 600 2059; x_wconf 89' lang='lat' dir='ltr'><strong>tunc</strong></span> <span class='ocrx_word' id='word_1_71' title='bbox 622 1983 777 2059; x_wconf 87' lang='lat' dir='ltr'><strong>miracula</strong></span> <span class='ocrx_word' id='word_1_72' title='bbox 798 1995 884 2059; x_wconf 86' lang='lat' dir='ltr'><strong>facta</strong></span> <span class='ocrx_word' id='word_1_73' title='bbox 906 1994 1096 2073; x_wconf 81' lang='lat' dir='ltr'><strong>referuntur,</strong></span> 
     </span>
     <span class='ocr_line' id='line_1_14' title="bbox 367 2099 1208 2184; baseline -0.002 -19"><span class='ocrx_word' id='word_1_74' title='bbox 367 2101 500 2178; x_wconf 79' lang='lat' dir='ltr'><strong>Quando</strong></span> <span class='ocrx_word' id='word_1_75' title='bbox 523 2099 616 2164; x_wconf 85' lang='lat' dir='ltr'><strong>Jesus</strong></span> <span class='ocrx_word' id='word_1_76' title='bbox 639 2105 734 2164; x_wconf 85' lang='lat' dir='ltr'><strong>natus</strong></span> <span class='ocrx_word' id='word_1_77' title='bbox 758 2105 805 2165; x_wconf 86' lang='lat' dir='ltr'><strong>est</strong></span> <span class='ocrx_word' id='word_1_78' title='bbox 828 2100 964 2184; x_wconf 89' lang='lat' dir='ltr'><strong>hicque</strong></span> <span class='ocrx_word' id='word_1_79' title='bbox 987 2099 1208 2164; x_wconf 87' lang='lat' dir='ltr'><strong>describuntur</strong></span> 
     </span>
     <span class='ocr_line' id='line_1_15' title="bbox 287 2205 1207 2289; baseline -0.001 -20"><span class='ocrx_word' id='word_1_80' title='bbox 287 2225 340 2261; x_wconf 79' lang='lat'>1⁹10</span> <span class='ocrx_word' id='word_1_81' title='bbox 367 2206 414 2269; x_wconf 90' lang='lat' dir='ltr'><strong>De</strong></span> <span class='ocrx_word' id='word_1_82' title='bbox 438 2205 553 2289; x_wconf 84' lang='lat' dir='ltr'><strong>quibus</strong></span> <span class='ocrx_word' id='word_1_83' title='bbox 577 2228 696 2269; x_wconf 90' lang='lat' dir='ltr'><strong>meram</strong></span> <span class='ocrx_word' id='word_1_84' title='bbox 720 2205 887 2269; x_wconf 88' lang='lat' dir='ltr'><strong>veritatem</strong></span> <span class='ocrx_word' id='word_1_85' title='bbox 909 2206 1033 2269; x_wconf 90' lang='lat' dir='ltr'><strong>nullam</strong></span> <span class='ocrx_word' id='word_1_86' title='bbox 1055 2226 1207 2284; x_wconf 80' lang='lat' dir='ltr'><strong>assevero,</strong></span> 
     </span>
     <span class='ocr_line' id='line_1_16' title="bbox 366 2308 1115 2395; baseline 0 -21"><span class='ocrx_word' id='word_1_87' title='bbox 366 2313 414 2374; x_wconf 81' lang='lat' dir='ltr'><strong>hle</strong></span> <span class='ocrx_word' id='word_1_88' title='bbox 436 2311 511 2395; x_wconf 86' lang='lat' dir='ltr'><strong>qula</strong></span> <span class='ocrx_word' id='word_1_89' title='bbox 533 2333 598 2374; x_wconf 91' lang='lat' dir='ltr'><strong>uon</strong></span> <span class='ocrx_word' id='word_1_90' title='bbox 620 2327 768 2394; x_wconf 81' lang='lat' dir='ltr'><strong>presumo</strong></span> <span class='ocrx_word' id='word_1_91' title='bbox 791 2308 928 2374; x_wconf 86' lang='lat' dir='ltr'><strong>scribere</strong></span> <span class='ocrx_word' id='word_1_92' title='bbox 950 2332 1008 2395; x_wconf 89' lang='lat' dir='ltr'><strong>pro</strong></span> <span class='ocrx_word' id='word_1_93' title='bbox 1031 2332 1115 2374; x_wconf 82' lang='lat' dir='ltr'><strong>vero.</strong></span> 
     </span>
     <span class='ocr_line' id='line_1_17' title="bbox 367 2414 1123 2480; baseline 0 -1"><span class='ocrx_word' id='word_1_94' title='bbox 367 2414 427 2479; x_wconf 81' lang='lat' dir='ltr'><strong>Sed</strong></span> <span class='ocrx_word' id='word_1_95' title='bbox 450 2416 489 2479; x_wconf 85' lang='lat' dir='ltr'><strong>ad</strong></span> <span class='ocrx_word' id='word_1_96' title='bbox 512 2417 605 2479; x_wconf 89' lang='lat' dir='ltr'><strong>decus</strong></span> <span class='ocrx_word' id='word_1_97' title='bbox 627 2414 703 2479; x_wconf 85' lang='lat' dir='ltr'><strong>Jssu</strong></span> <span class='ocrx_word' id='word_1_98' title='bbox 727 2415 847 2480; x_wconf 77' lang='lat' dir='ltr'><strong>Christi</strong></span> <span class='ocrx_word' id='word_1_99' title='bbox 869 2416 939 2480; x_wconf 88' lang='lat' dir='ltr'><strong>nati</strong></span> <span class='ocrx_word' id='word_1_100' title='bbox 960 2417 998 2480; x_wconf 89' lang='lat' dir='ltr'><strong>de</strong></span> <span class='ocrx_word' id='word_1_101' title='bbox 1020 2415 1123 2480; x_wconf 87' lang='lat' dir='ltr'><strong>Maria</strong></span> 
     </span>
     <span class='ocr_line' id='line_1_18' title="bbox 366 2520 1127 2607; baseline -0.001 -22"><span class='ocrx_word' id='word_1_102' title='bbox 366 2520 503 2586; x_wconf 81' lang='lat' dir='ltr'><strong>Possunt</strong></span> <span class='ocrx_word' id='word_1_103' title='bbox 525 2543 562 2586; x_wconf 89' lang='lat' dir='ltr'><strong>ea</strong></span> <span class='ocrx_word' id='word_1_104' title='bbox 581 2521 713 2607; x_wconf 29' lang='lat' dir='ltr'><strong>&#39;recitari</strong></span> <span class='ocrx_word' id='word_1_105' title='bbox 737 2542 795 2605; x_wconf 93' lang='lat' dir='ltr'><strong>pro</strong></span> <span class='ocrx_word' id='word_1_106' title='bbox 818 2522 922 2586; x_wconf 89' lang='lat' dir='ltr'><strong>laudis</strong></span> <span class='ocrx_word' id='word_1_107' title='bbox 945 2521 1127 2606; x_wconf 71' lang='lat' dir='ltr'><strong>hymnodia</strong></span> 
     </span>
     <span class='ocr_line' id='line_1_19' title="bbox 365 2625 1140 2712; baseline 0.004 -23"><span class='ocrx_word' id='word_1_108' title='bbox 365 2625 473 2710; x_wconf 85' lang='lat' dir='ltr'><strong>Atque</strong></span> <span class='ocrx_word' id='word_1_109' title='bbox 495 2650 554 2710; x_wconf 92' lang='lat' dir='ltr'><strong>pro</strong></span> <span class='ocrx_word' id='word_1_110' title='bbox 576 2628 681 2708; x_wconf 70' lang='lat' dir='ltr'><strong>figura</strong></span> <span class='ocrx_word' id='word_1_111' title='bbox 704 2628 842 2712; x_wconf 86' lang='lat' dir='ltr'><strong>quadam</strong></span> <span class='ocrx_word' id='word_1_112' title='bbox 865 2629 966 2692; x_wconf 89' lang='lat' dir='ltr'><strong>landis</strong></span> <span class='ocrx_word' id='word_1_113' title='bbox 990 2629 1040 2692; x_wconf 90' lang='lat' dir='ltr'><strong>dei</strong></span> <span class='ocrx_word' id='word_1_114' title='bbox 1062 2629 1140 2704; x_wconf 75' lang='lat' dir='ltr'><strong>nati,</strong></span> 
     </span>
     <span class='ocr_line' id='line_1_20' title="bbox 287 2731 1136 2817; baseline 0.002 -22"><span class='ocrx_word' id='word_1_115' title='bbox 287 2751 338 2787; x_wconf 79' lang='grc'>9999</span> <span class='ocrx_word' id='word_1_116' title='bbox 367 2731 451 2796; x_wconf 88' lang='lat' dir='ltr'><strong>Nam</strong></span> <span class='ocrx_word' id='word_1_117' title='bbox 474 2734 576 2797; x_wconf 87' lang='lat' dir='ltr'><strong>omnis</strong></span> <span class='ocrx_word' id='word_1_118' title='bbox 600 2734 707 2798; x_wconf 89' lang='lat' dir='ltr'><strong>subest</strong></span> <span class='ocrx_word' id='word_1_119' title='bbox 730 2738 875 2798; x_wconf 86' lang='lat' dir='ltr'><strong>creatura</strong></span> <span class='ocrx_word' id='word_1_120' title='bbox 897 2756 952 2798; x_wconf 88' lang='lat' dir='ltr'><strong>sue</strong></span> <span class='ocrx_word' id='word_1_121' title='bbox 974 2735 1136 2817; x_wconf 85' lang='lat' dir='ltr'><strong>potestati.</strong></span> 
     </span>
     <span class='ocr_line' id='line_1_21' title="bbox 367 2835 1095 2921; baseline 0.005 -23"><span class='ocrx_word' id='word_1_122' title='bbox 367 2835 428 2899; x_wconf 90' lang='lat' dir='ltr'><strong>Illa</strong></span> <span class='ocrx_word' id='word_1_123' title='bbox 449 2840 541 2901; x_wconf 88' lang='lat' dir='ltr'><strong>nocte</strong></span> <span class='ocrx_word' id='word_1_124' title='bbox 563 2839 690 2921; x_wconf 89' lang='lat' dir='ltr'><strong>quando</strong></span> <span class='ocrx_word' id='word_1_125' title='bbox 712 2839 824 2902; x_wconf 91' lang='lat' dir='ltr'><strong>mundi</strong></span> <span class='ocrx_word' id='word_1_126' title='bbox 846 2840 901 2902; x_wconf 85' lang='lat' dir='ltr'><strong>lux</strong></span> <span class='ocrx_word' id='word_1_127' title='bbox 924 2838 1095 2916; x_wconf 82' lang='lat' dir='ltr'><strong>oriebatur,</strong></span> 
     </span>
     <span class='ocr_line' id='line_1_22' title="bbox 368 2941 1096 3026; baseline 0.003 -22"><span class='ocrx_word' id='word_1_128' title='bbox 368 2941 411 3004; x_wconf 77' lang='lat' dir='ltr'><strong>nt</strong></span> <span class='ocrx_word' id='word_1_129' title='bbox 434 2942 472 3004; x_wconf 94' lang='lat' dir='ltr'><strong>de</strong></span> <span class='ocrx_word' id='word_1_130' title='bbox 494 2942 612 3005; x_wconf 90' lang='lat' dir='ltr'><strong>munda</strong></span> <span class='ocrx_word' id='word_1_131' title='bbox 633 2942 758 3026; x_wconf 82' lang='lat' dir='ltr'><strong>origine</strong></span> <span class='ocrx_word' id='word_1_132' title='bbox 780 2941 873 3006; x_wconf 88' lang='lat' dir='ltr'><strong>Jesus</strong></span> <span class='ocrx_word' id='word_1_133' title='bbox 897 2942 1096 3021; x_wconf 81' lang='lat' dir='ltr'><strong>nascebatur,</strong></span> 
     </span>
     <span class='ocr_line' id='line_1_23' title="bbox 367 3044 1064 3126; baseline 0.004 -18"><span class='ocrx_word' id='word_1_134' title='bbox 367 3044 405 3109; x_wconf 93' lang='lat' dir='ltr'><strong>In</strong></span> <span class='ocrx_word' id='word_1_135' title='bbox 427 3060 560 3110; x_wconf 86' lang='lat' dir='ltr'><strong>romana</strong></span> <span class='ocrx_word' id='word_1_136' title='bbox 583 3047 712 3111; x_wconf 81' lang='lat' dir='ltr'><strong>civitate</strong></span> <span class='ocrx_word' id='word_1_137' title='bbox 734 3048 825 3111; x_wconf 83' lang='lat' dir='ltr'><strong>vivus</strong></span> <span class='ocrx_word' id='word_1_138' title='bbox 847 3047 920 3112; x_wconf 86' lang='lat' dir='ltr'><strong>fons</strong></span> <span class='ocrx_word' id='word_1_139' title='bbox 943 3047 1064 3126; x_wconf 75' lang='lat' dir='ltr'><strong>eduxit,</strong></span> 
     </span>
     <span class='ocr_line' id='line_1_24' title="bbox 367 3150 1063 3236; baseline 0.001 -23"><span class='ocrx_word' id='word_1_140' title='bbox 367 3151 429 3227; x_wconf 77' lang='lat' dir='ltr'><strong>Qui</strong></span> <span class='ocrx_word' id='word_1_141' title='bbox 448 3151 534 3215; x_wconf 85' lang='lat' dir='ltr'><strong>rivos</strong></span> <span class='ocrx_word' id='word_1_142' title='bbox 556 3172 595 3215; x_wconf 85' lang='lat' dir='ltr'><strong>ex</strong></span> <span class='ocrx_word' id='word_1_143' title='bbox 617 3151 686 3215; x_wconf 92' lang='lat' dir='ltr'><strong>oleo</strong></span> <span class='ocrx_word' id='word_1_144' title='bbox 710 3151 879 3234; x_wconf 89' lang='lat' dir='ltr'><strong>purissimo</strong></span> <span class='ocrx_word' id='word_1_145' title='bbox 902 3150 1063 3236; x_wconf 81' lang='lat' dir='ltr'><strong>produxit.</strong></span> 
     </span>
     <span class='ocr_line' id='line_1_25' title="bbox 291 3239 1323 3340; baseline 0.007 -30"><span class='ocrx_word' id='word_1_146' title='bbox 291 3274 342 3311; x_wconf 77' lang='lat' dir='ltr'><strong>nso</strong></span> <span class='ocrx_word' id='word_1_147' title='bbox 372 3256 538 3340; x_wconf 73' lang='lat' dir='ltr'><strong>Augustus</strong></span> <span class='ocrx_word' id='word_1_148' title='bbox 562 3255 657 3320; x_wconf 80' lang='lat' dir='ltr'><strong>Cesar</strong></span> <span class='ocrx_word' id='word_1_149' title='bbox 680 3257 735 3340; x_wconf 90' lang='lat' dir='ltr'><strong>qui</strong></span> <span class='ocrx_word' id='word_1_150' title='bbox 758 3261 835 3320; x_wconf 90' lang='lat' dir='ltr'><strong>tunc</strong></span> <span class='ocrx_word' id='word_1_151' title='bbox 857 3239 967 3320; x_wconf 91' lang='lat' dir='ltr'><strong>mundi</strong></span> <span class='ocrx_word' id='word_1_152' title='bbox 990 3256 1207 3320; x_wconf 85' lang='lat' dir='ltr'><strong>monarchiam</strong></span> <span class='ocrx_word' id='word_1_153' title='bbox 1231 3255 1323 3334; x_wconf 85' lang='lat' dir='ltr'><strong>rexit,</strong></span> 
     </span>
     <span class='ocr_line' id='line_1_26' title="bbox 369 3360 1194 3446; baseline 0.002 -22"><span class='ocrx_word' id='word_1_154' title='bbox 369 3360 430 3424; x_wconf 91' lang='lat' dir='ltr'><strong>llla</strong></span> <span class='ocrx_word' id='word_1_155' title='bbox 451 3364 545 3425; x_wconf 88' lang='lat' dir='ltr'><strong>nocte</strong></span> <span class='ocrx_word' id='word_1_156' title='bbox 567 3360 726 3445; x_wconf 88' lang='lat' dir='ltr'><strong>quoddam</strong></span> <span class='ocrx_word' id='word_1_157' title='bbox 748 3361 835 3426; x_wconf 91' lang='lat' dir='ltr'><strong>sidus</strong></span> <span class='ocrx_word' id='word_1_158' title='bbox 857 3362 892 3424; x_wconf 88' lang='lat' dir='ltr'><strong>in</strong></span> <span class='ocrx_word' id='word_1_159' title='bbox 915 3362 1023 3426; x_wconf 88' lang='lat' dir='ltr'><strong>ethere</strong></span> <span class='ocrx_word' id='word_1_160' title='bbox 1046 3363 1194 3446; x_wconf 83' lang='lat' dir='ltr'><strong>respexit,</strong></span> 
     </span>
     <span class='ocr_line' id='line_1_27' title="bbox 370 3467 1160 3552; baseline 0 -22"><span class='ocrx_word' id='word_1_161' title='bbox 370 3467 414 3530; x_wconf 83' lang='lat' dir='ltr'><strong>Et</strong></span> <span class='ocrx_word' id='word_1_162' title='bbox 436 3467 562 3538; x_wconf 81' lang='lat' dir='ltr'><strong>refulsit</strong></span> <span class='ocrx_word' id='word_1_163' title='bbox 584 3468 670 3532; x_wconf 86' lang='lat' dir='ltr'><strong>sidus</strong></span> <span class='ocrx_word' id='word_1_164' title='bbox 694 3468 753 3532; x_wconf 89' lang='lat' dir='ltr'><strong>hoo</strong></span> <span class='ocrx_word' id='word_1_165' title='bbox 776 3468 864 3532; x_wconf 87' lang='lat' dir='ltr'><strong>velut</strong></span> <span class='ocrx_word' id='word_1_166' title='bbox 886 3468 1035 3552; x_wconf 88' lang='lat' dir='ltr'><strong>splendor</strong></span> <span class='ocrx_word' id='word_1_167' title='bbox 1058 3468 1160 3546; x_wconf 76' lang='lat' dir='ltr'><strong>stelle,</strong></span> 
     </span>
     <span class='ocr_line' id='line_1_28' title="bbox 370 3572 1047 3658; baseline 0 -21"><span class='ocrx_word' id='word_1_168' title='bbox 370 3574 414 3637; x_wconf 84' lang='lat' dir='ltr'><strong>Et</strong></span> <span class='ocrx_word' id='word_1_169' title='bbox 436 3572 557 3637; x_wconf 86' lang='lat' dir='ltr'><strong>habens</strong></span> <span class='ocrx_word' id='word_1_170' title='bbox 579 3573 753 3658; x_wconf 79' lang='lat' dir='ltr'><strong>imaginem</strong></span> <span class='ocrx_word' id='word_1_171' title='bbox 776 3572 910 3658; x_wconf 78' lang='lat' dir='ltr'><strong>virginis</strong></span> <span class='ocrx_word' id='word_1_172' title='bbox 932 3574 1047 3656; x_wconf 84' lang='lat' dir='ltr'><strong>puelle,</strong></span> 
     </span>
     <span class='ocr_line' id='line_1_29' title="bbox 367 3666 1034 3760; baseline 0.001 -20"><span class='ocrx_word' id='word_1_173' title='bbox 367 3676 406 3740; x_wconf 92' lang='lat' dir='ltr'><strong>In</strong></span> <span class='ocrx_word' id='word_1_174' title='bbox 428 3677 528 3759; x_wconf 88' lang='lat' dir='ltr'><strong>ipsius</strong></span> <span class='ocrx_word' id='word_1_175' title='bbox 550 3676 689 3740; x_wconf 88' lang='lat' dir='ltr'><strong>brachiis</strong></span> <span class='ocrx_word' id='word_1_176' title='bbox 713 3699 846 3760; x_wconf 89' lang='lat' dir='ltr'><strong>puerum</strong></span> <span class='ocrx_word' id='word_1_177' title='bbox 868 3666 1034 3760; x_wconf 82' lang='lat' dir='ltr'><strong>gestantis.</strong></span> 
     </span>
     <span class='ocr_line' id='line_1_30' title="bbox 291 3781 1044 3865; baseline 0 -18"><span class='ocrx_word' id='word_1_178' title='bbox 291 3801 342 3838; x_wconf 81' lang='grc'>1999</span> <span class='ocrx_word' id='word_1_179' title='bbox 370 3781 459 3847; x_wconf 83' lang='lat' dir='ltr'><strong>Sicut</strong></span> <span class='ocrx_word' id='word_1_180' title='bbox 481 3783 574 3847; x_wconf 89' lang='lat' dir='ltr'><strong>stella</strong></span> <span class='ocrx_word' id='word_1_181' title='bbox 596 3782 758 3865; x_wconf 86' lang='lat' dir='ltr'><strong>splenduit</strong></span> <span class='ocrx_word' id='word_1_182' title='bbox 779 3781 877 3846; x_wconf 79' lang='lat' dir='ltr'><strong>iacies</strong></span> <span class='ocrx_word' id='word_1_183' title='bbox 899 3783 1044 3860; x_wconf 78' lang='lat' dir='ltr'><strong>infantis,</strong></span> 
     </span>
     <span class='ocr_line' id='line_1_31' title="bbox 368 3885 1199 3973; baseline 0.001 -22"><span class='ocrx_word' id='word_1_184' title='bbox 368 3885 429 3951; x_wconf 82' lang='lat' dir='ltr'><strong>Sed</strong></span> <span class='ocrx_word' id='word_1_185' title='bbox 452 3910 523 3951; x_wconf 92' lang='lat' dir='ltr'><strong>cum</strong></span> <span class='ocrx_word' id='word_1_186' title='bbox 546 3887 642 3952; x_wconf 86' lang='lat' dir='ltr'><strong>Cesar</strong></span> <span class='ocrx_word' id='word_1_187' title='bbox 665 3891 822 3971; x_wconf 81' lang='lat' dir='ltr'><strong>quereret,</strong></span> <span class='ocrx_word' id='word_1_188' title='bbox 845 3887 922 3971; x_wconf 91' lang='lat' dir='ltr'><strong>quid</strong></span> <span class='ocrx_word' id='word_1_189' title='bbox 944 3889 1110 3973; x_wconf 81' lang='lat' dir='ltr'><strong>signarent</strong></span> <span class='ocrx_word' id='word_1_190' title='bbox 1132 3888 1199 3966; x_wconf 82' lang='lat' dir='ltr'><strong>illa,</strong></span> 
     </span>
     <span class='ocr_line' id='line_1_32' title="bbox 371 3990 1024 4076; baseline 0.005 -21"><span class='ocrx_word' id='word_1_191' title='bbox 371 3992 577 4076; x_wconf 88' lang='lat' dir='ltr'><strong>Prophetissa</strong></span> <span class='ocrx_word' id='word_1_192' title='bbox 599 3992 725 4056; x_wconf 81' lang='lat' dir='ltr'><strong>ducitur</strong></span> <span class='ocrx_word' id='word_1_193' title='bbox 748 3993 876 4057; x_wconf 91' lang='lat' dir='ltr'><strong>nomine</strong></span> <span class='ocrx_word' id='word_1_194' title='bbox 900 3990 1024 4072; x_wconf 80' lang='lat' dir='ltr'><strong>Sibilla,</strong></span> 
     </span>
     <span class='ocr_line' id='line_1_33' title="bbox 367 4096 1115 4182; baseline 0.001 -21"><span class='ocrx_word' id='word_1_195' title='bbox 367 4096 438 4174; x_wconf 82' lang='lat' dir='ltr'><strong>-Que</strong></span> <span class='ocrx_word' id='word_1_196' title='bbox 461 4098 542 4161; x_wconf 81' lang='lat' dir='ltr'><strong>dixit</strong></span> <span class='ocrx_word' id='word_1_197' title='bbox 565 4098 603 4161; x_wconf 89' lang='lat' dir='ltr'><strong>de</strong></span> <span class='ocrx_word' id='word_1_198' title='bbox 626 4098 751 4182; x_wconf 83' lang='lat' dir='ltr'><strong>virgine</strong></span> <span class='ocrx_word' id='word_1_199' title='bbox 773 4118 881 4182; x_wconf 81' lang='lat' dir='ltr'><strong>regem</strong></span> <span class='ocrx_word' id='word_1_200' title='bbox 904 4120 971 4162; x_wconf 87' lang='lat' dir='ltr'><strong>esse</strong></span> <span class='ocrx_word' id='word_1_201' title='bbox 993 4102 1115 4177; x_wconf 85' lang='lat' dir='ltr'><strong>natum,</strong></span> 
     </span>
     <span class='ocr_line' id='line_1_34' title="bbox 370 4201 1245 4286; baseline 0 -20"><span class='ocrx_word' id='word_1_202' title='bbox 370 4201 407 4266; x_wconf 90' lang='lat' dir='ltr'><strong>In</strong></span> <span class='ocrx_word' id='word_1_203' title='bbox 430 4203 496 4266; x_wconf 90' lang='lat' dir='ltr'><strong>celo</strong></span> <span class='ocrx_word' id='word_1_204' title='bbox 519 4203 612 4265; x_wconf 87' lang='lat' dir='ltr'><strong>terris</strong></span> <span class='ocrx_word' id='word_1_205' title='bbox 636 4206 668 4265; x_wconf 87' lang='lat' dir='ltr'><strong>et</strong></span> <span class='ocrx_word' id='word_1_206' title='bbox 689 4202 723 4265; x_wconf 95' lang='lat' dir='ltr'><strong>in</strong></span> <span class='ocrx_word' id='word_1_207' title='bbox 746 4202 828 4266; x_wconf 89' lang='lat' dir='ltr'><strong>mari</strong></span> <span class='ocrx_word' id='word_1_208' title='bbox 852 4204 906 4286; x_wconf 92' lang='lat' dir='ltr'><strong>qui</strong></span> <span class='ocrx_word' id='word_1_209' title='bbox 929 4208 1017 4268; x_wconf 89' lang='lat' dir='ltr'><strong>tenet</strong></span> <span class='ocrx_word' id='word_1_210' title='bbox 1039 4203 1245 4268; x_wconf 89' lang='lat' dir='ltr'><strong>dominatum.</strong></span> 
     </span>
     <span class='ocr_line' id='line_1_35' title="bbox 292 4306 1230 4393; baseline 0.003 -23"><span class='ocrx_word' id='word_1_211' title='bbox 292 4327 343 4362; x_wconf 80' lang='grc'>9999</span> <span class='ocrx_word' id='word_1_212' title='bbox 371 4306 460 4371; x_wconf 83' lang='lat' dir='ltr'><strong>Tunc</strong></span> <span class='ocrx_word' id='word_1_213' title='bbox 483 4306 577 4372; x_wconf 84' lang='lat' dir='ltr'><strong>Cesar</strong></span> <span class='ocrx_word' id='word_1_214' title='bbox 600 4329 690 4370; x_wconf 88' lang='lat' dir='ltr'><strong>suam</strong></span> <span class='ocrx_word' id='word_1_215' title='bbox 713 4311 853 4372; x_wconf 88' lang='lat' dir='ltr'><strong>statuam</strong></span> <span class='ocrx_word' id='word_1_216' title='bbox 877 4308 993 4374; x_wconf 85' lang='lat' dir='ltr'><strong>deiexit</strong></span> <span class='ocrx_word' id='word_1_217' title='bbox 1017 4310 1056 4393; x_wconf 83' lang='lat' dir='ltr'><strong>ad</strong></span> <span class='ocrx_word' id='word_1_218' title='bbox 1079 4310 1230 4373; x_wconf 92' lang='lat' dir='ltr'><strong>honorem</strong></span> 
     </span>
     <span class='ocr_line' id='line_1_36' title="bbox 371 4412 1197 4501; baseline 0.006 -23"><span class='ocrx_word' id='word_1_219' title='bbox 371 4412 467 4497; x_wconf 77' lang='lat' dir='ltr'><strong>Regis</strong></span> <span class='ocrx_word' id='word_1_220' title='bbox 489 4413 558 4478; x_wconf 86' lang='lat' dir='ltr'><strong>nati</strong></span> <span class='ocrx_word' id='word_1_221' title='bbox 582 4435 675 4501; x_wconf 91' lang='lat' dir='ltr'><strong>quem</strong></span> <span class='ocrx_word' id='word_1_222' title='bbox 697 4413 843 4481; x_wconf 89' lang='lat' dir='ltr'><strong>futurum</strong></span> <span class='ocrx_word' id='word_1_223' title='bbox 866 4416 959 4483; x_wconf 84' lang='lat' dir='ltr'><strong>scivit</strong></span> <span class='ocrx_word' id='word_1_224' title='bbox 981 4438 1014 4483; x_wconf 85' lang='lat' dir='ltr'><strong>se</strong></span> <span class='ocrx_word' id='word_1_225' title='bbox 1035 4415 1197 4482; x_wconf 85' lang='lat' dir='ltr'><strong>maiorem.</strong></span> 
     </span>
    </p>
   </div>
   <div class='ocr_carea' id='block_1_5' title="bbox 0 0 1504 5124">
    <p class='ocr_par' dir='ltr' id='par_1_5' title="bbox 0 0 1504 5124">
     <span class='ocr_line' id='line_1_37' title="bbox 0 0 1504 5124; baseline 0 0"><span class='ocrx_word' id='word_1_226' title='bbox 0 0 1504 5124; x_wconf 95' lang='lat' dir='ltr'><strong> </strong></span> 
     </span>
    </p>
   </div>
  </div>
 </body>
</html>
