3000 5125
802 378 846 450 74

405 559 597 638 Crediderat,
618 559 771 624 docuerat
791 559 829 623 de
851 557 1058 623 coeternitato

407 666 522 745 Patris,
546 665 634 730 verbi
656 665 787 749 spiritus
809 665 844 727 in
867 686 931 728 una
954 664 1090 740 deitate3

407 774 514 854 Atque
535 769 634 833 trium
656 790 861 852 personarum
885 789 957 831 cum
980 790 1062 851 aqua
1083 767 1249 832 maiestate

331 893 383 931 rora
410 872 521 938 Trium
544 895 654 952 unum,
678 894 777 937 unum
799 872 898 938 trium
919 894 992 939 cum
1014 873 1085 957 pari
1107 876 1274 957 potestate.

251 1173 356 1257 Quod
383 1174 524 1270 loseph
553 1177 695 1249 eduxit
728 1176 888 1249 Mariam
928 1176 974 1249 de
1007 1175 1212 1248 diversorio
1245 1174 1285 1244 in
1325 1196 1402 1268 quc

619 1301 733 1370 natus
761 1302 819 1372 est
846 1298 1028 1372 Christus.

405 1505 526 1590 Joseph
549 1505 599 1570 die
620 1506 717 1570 tertia
738 1528 812 1570 cum
834 1491 937 1571 Maria
959 1507 1075 1571 transit

277 1605 285 1620 ⁰
405 1609 458 1674 Ad
480 1609 567 1674 aliud
589 1609 764 1695 hospitium
787 1616 819 1676 et
842 1611 1030 1677 Bethlehem
1052 1613 1216 1677 remansit.

406 1714 510 1779 Maria
532 1738 625 1781 suum
646 1738 780 1799 puerum
801 1717 924 1782 lactans
947 1719 1110 1783 nutriebat

410 1818 573 1885 Fomentis
597 1825 692 1905 atque
715 1822 844 1887 balneis
858 1827 896 1887 ut
918 1824 1024 1888 decuit
1044 1823 1183 1889 fovebat.

328 1942 382 1979 20⁶⁰
409 1924 493 1990 Puer
515 1925 568 1990 bic
589 1931 626 1991 ut
648 1928 745 1992 moris
766 1932 817 1992 ast
838 1929 1027 2014 quandoque
1048 1930 1206 2014 vagiebat,

408 2029 590 2095 Humanam
614 2037 763 2098 naturam
785 2054 919 2118 sequens
941 2034 1090 2119 plorabat
1111 2039 1208 2119 atque
1230 2034 1329 2099 flebat

406 2135 557 2202 Defectus
579 2142 690 2202 tenena
712 2136 792 2202 alios
814 2139 882 2203 eius
904 2142 942 2203 ut
964 2140 1112 2204 maiestas

406 2240 534 2306 Lateret
555 2264 575 2305 a
597 2242 723 2307 diabolo
746 2241 915 2328 divinaque
938 2248 1089 2327 potestas.

406 2345 444 2410 ln
465 2347 588 2412 cunctis
609 2351 715 2412 temen
739 2349 807 2432 ipse
829 2348 893 2413 fuit
913 2350 1074 2414 modestus
1098 2354 1130 2416 et
1152 2349 1288 2435 quietus,

329 2468 379 2506 20⁶⁶
406 2451 481 2516 Non
503 2456 541 2516 ut
561 2453 674 2517 modus
696 2455 942 2519 estcommunis
964 2454 1142 2521 infantibus
1164 2459 1348 2531 consuetus;

405 2555 479 2622 Non
503 2558 662 2643 frequens,
685 2580 747 2623 non
771 2559 952 2644 impatiens,
975 2583 1039 2625 non
1055 2562 1180 2626 fervens
1195 2563 1230 2626 in
1245 2562 1397 2647 sugendo,

406 2660 481 2726 Non
496 2663 706 2748 importunus,
722 2686 787 2728 non
803 2665 953 2744 clamans,
968 2688 1033 2730 non
1049 2668 1185 2732 &ridens
1199 2669 1234 2731 in
1248 2667 1395 2752 lugendo,

407 2765 505 2832 Suam
527 2790 567 2832 ne
588 2769 805 2834 dulcissimam
826 2774 961 2835 matrem
985 2773 1197 2855 perturbaret,

405 2870 466 2936 Vel
490 2872 609 2938 vicinos
633 2874 757 2958 aliquos
779 2875 825 2940 sic
846 2875 1047 2960 inquietaret.

577 3195 630 3268 De
657 3195 937 3269 circumcisione
965 3197 1069 3270 Jesn.

327 3419 378 3456 2000
408 3401 527 3468 Octavo
550 3405 600 3469 die
623 3428 700 3489 puer
722 3405 816 3471 Jesus
838 3407 1131 3486 circumcidebatur,

303 3604 308 3613 Ι
406 3509 453 3575 Ut
475 3511 607 3594 angelus
629 3513 810 3596 predixerat
832 3511 926 3577 Jesus
948 3512 1135 3596 appellatur.

406 3612 531 3681 Nomen
554 3616 638 3681 dulci
661 3617 749 3700 pueri
773 3614 867 3680 Jesus
890 3619 939 3680 est
961 3621 1119 3695 vocatum,
1152 3680 1158 3685 .

406 3720 496 3796 Quod
519 3722 624 3786 fuerat
646 3722 687 3786 ab
710 3721 824 3805 angelo
846 3720 943 3787 matri
965 3721 1159 3787 nuntiatum.

427 4041 480 4113 De
508 4030 674 4113 aduentu
701 4063 897 4135 magorum
926 4044 966 4113 in
993 4043 1215 4117 Jerusalem.

405 4249 483 4313 Post
504 4250 587 4313 diem
611 4253 717 4314 autem
733 4252 889 4347 tredecim
909 4257 975 4318 tres
998 4254 1038 4317 ab
1060 4254 1182 4318 oriente

327 4374 379 4435 eoos
407 4354 510 4439 Reges
533 4356 566 4419 in
589 4356 769 4425 Jerusalem
791 4359 884 4423 stella
903 4360 1097 4442 'producente

406 4460 621 4551 Advenerunt,
645 4462 685 4535 ab
708 4461 835 4531 Herode
857 4484 932 4554 roge
954 4463 1150 4552 requirentes
