3000 5125
659 403 700 471 75

254 582 306 647 De
329 583 399 646 loeo
422 580 491 645 nati
514 581 615 665 pueri,
638 581 683 645 sic
705 580 735 645 ei
757 580 914 645 dicentes:

258 687 343 753 »Ubi
366 690 424 765 aet,
447 686 503 770 qui
525 689 620 751 natus
643 689 692 751 est
714 708 770 750 rex
791 683 886 749 ludee
908 686 1025 770 gentis,

255 792 354 859 Cuius
375 792 502 857 stellam
526 791 660 856 vidimus
680 792 715 855 in
737 792 832 857 terris
855 792 1012 857 orientis?

174 920 229 957 20⁷0
255 900 339 963 Eum
362 898 493 962 adorare
514 919 572 962 nos
595 920 667 962 cum
688 919 818 962 munere
840 897 995 975 venimus,

254 1004 345 1080 Quod
368 1004 435 1087 ipse
458 1025 514 1067 rex
535 1007 583 1068 est
606 1003 749 1068 omnium
772 1003 950 1068 seculorum
972 1003 1117 1067 scimus«

256 1108 396 1174 Herodes
420 1129 475 1172 rex
498 1108 613 1173 auditis
637 1101 826 1172 histimens
849 1108 1045 1187 ammiratur,

254 1213 365 1279 Omnis
386 1211 570 1278 Ierosolima
593 1235 664 1277 cum
687 1213 756 1298 ipso
780 1213 997 1278 conturbatur.

254 1319 439 1405 Interrogat
459 1319 623 1403 pontifices
646 1319 702 1383 ubi
724 1318 905 1383 nasciturus

174 1444 227 1483 2⁰⁷⁶
254 1426 398 1491 Christis
420 1426 472 1503 sit,
496 1426 551 1510 qui
573 1422 672 1489 Israel
694 1424 756 1489 erit
778 1424 1008 1507 redempturus.

255 1531 317 1607 Qui
339 1530 554 1615 respondent:
581 1528 798 1607 »Bethlehem
822 1528 994 1593 secundum
1016 1526 1211 1612 prophetias,

256 1633 340 1711 Quas
363 1634 558 1718 seripserunt
579 1632 737 1711 Ieremias,
763 1636 869 1711 Amos,
894 1632 1038 1698 Ysaias.‹

258 1738 347 1805 Tunc
369 1741 415 1805 ait
435 1741 560 1826 magis:
591 1738 659 1805 »lte
681 1762 738 1804 ros
760 1743 793 1804 et
813 1740 1020 1825 interrogate,

258 1844 400 1911 Sollicite
421 1847 460 1911 de
481 1868 589 1929 puero,
611 1846 755 1930 mihique
777 1846 933 1923 nuntiate,

177 1970 231 2008 2⁰⁸0
258 1949 305 2016 Ut
326 1954 361 2016 et
380 1972 441 2038 ego
463 1953 591 2017 veniens
614 1952 720 2037 ipsum
741 1952 874 2016 adorare

257 2057 389 2136 Possim,
404 2077 489 2122 -mea
509 2077 643 2122 munera
664 2058 789 2142 sibique
811 2060 1021 2141 presentare<

258 2165 388 2250 Egressi
411 2186 488 2249 ergo
511 2165 637 2230 stellam
658 2186 692 2229 se
714 2164 880 2248 precedere
900 2161 1061 2239 ridebant,

258 2268 360 2345 Quam
382 2272 524 2336 videntes
546 2270 666 2356 gaudio
686 2271 827 2335 maximo
850 2268 1041 2355 gaudebant.

258 2373 318 2439 Sed
341 2378 373 2440 et
395 2376 453 2440 hec
475 2363 624 2459 precessit
647 2398 698 2440 eos
721 2379 754 2440 et
777 2376 882 2439 locum
904 2371 1152 2449 demonstrabat,

181 2477 232 2537 2⁰⁸5
259 2478 325 2545 Ubi
347 2503 425 2565 puer
447 2479 540 2545 Jesus
563 2485 632 2545 erat
654 2485 686 2545 et
706 2504 803 2571 supra
824 2482 954 2544 domum
975 2478 1092 2542 stabat

255 2585 416 2651 Intrantee
437 2586 565 2651 domum
590 2608 723 2670 puerum
745 2584 857 2650 Jeeum
879 2585 1069 2648 invenerunt

257 2690 337 2756 Cum
359 2691 463 2756 Maria
485 2696 586 2757 matre
608 2715 677 2768 sua,
701 2686 795 2776 quern
819 2691 1040 2755 adoraverunt.

257 2794 387 2880 Apertis
410 2797 476 2861 suis
499 2797 622 2862 scriniis
646 2797 833 2862 obtulerunt
854 2796 883 2860 ei

259 2899 394 2980 Aurum,
416 2902 548 2965 mirram
570 2905 667 2985 atque
688 2900 765 2964 thus
787 2904 951 2984 tamquam
974 2900 1032 2963 deo
1055 2899 1133 2984 regi.

184 3027 236 3064 2⁰0⁰
262 3003 387 3070 Aurum
408 3005 539 3071 mirram
563 3011 659 3090 atque
681 3006 757 3071 thus
780 3006 901 3092 singuli
923 3006 1086 3083 dederunt,

260 3110 326 3175 Heo
348 3112 412 3175 tria
434 3113 538 3196 quivis
561 3111 689 3190 obtulit,
712 3134 788 3176 nam
811 3112 935 3175 mistica
958 3110 1100 3175 fuerunt.

256 3215 350 3281 Jesus
373 3239 452 3301 puer
475 3216 642 3281 videbatur
664 3239 777 3281 manus
802 3216 934 3293 elevare,

257 3322 302 3387 Et
323 3326 370 3386 est
392 3322 478 3387 visus
502 3323 593 3407 quasi
616 3343 731 3386 munus
753 3321 882 3385 illorum
905 3324 1075 3403 acceptare.

256 3427 342 3491 Nam
365 3426 405 3490 ad
428 3448 480 3490 eoa
503 3449 634 3491 manum
658 3449 748 3490 suam
770 3427 932 3490 dexteram
955 3427 1065 3499 erexit,

180 3553 231 3591 2⁰⁹⁶
261 3532 435 3616 Tamquam
460 3532 546 3616 ipsos
570 3533 756 3597 benedicens
779 3532 818 3596 ad
841 3554 956 3615 eosque
978 3531 1125 3614 respexit.

259 3639 360 3703 Marie
382 3661 456 3702 vero
478 3638 617 3721 plurima
638 3660 771 3701 munera
794 3637 979 3701 tradebant:
1193 3713 1195 3716 Α

259 3743 416 3822 Gemmas,
442 3743 590 3827 byssum„
603 3758 778 3827 purpuram
800 3744 964 3826 ipsamque
987 3742 1147 3806 decebant.

258 3848 378 3933 Joseph
400 3853 439 3914 ut
460 3849 634 3913 nutricium
656 3849 790 3913 infantis
814 3846 1028 3922 honorabant,

260 3954 309 4019 Ex
332 3958 466 4039 argento
488 3977 622 4019 munera
643 3954 777 4038 pulchra
799 3954 860 4018 sibi
885 3953 1012 4017 dabant.

180 4082 232 4118 uu
258 4060 364 4144 Ipsam
389 4059 510 4143 Josepb
532 4060 565 4124 in
589 4063 708 4124 secreto
732 4081 873 4124 seorsum
897 4061 1114 4133 convocantes

257 4165 309 4230 Ab
333 4187 432 4249 eoque
452 4166 493 4230 de
515 4168 605 4249 pueri
628 4169 715 4230 statu
738 4169 989 4248 perscrutantes3

258 4269 339 4354 Ipsis
363 4270 418 4355 qui
439 4270 617 4334 misterium
637 4274 741 4334 toturn
765 4269 932 4346 referebat,

259 4376 303 4439 Et
325 4399 392 4440 esse
415 4381 548 4440 matrem
571 4377 660 4459 pueri
685 4376 842 4458 virginem
866 4374 999 4438 dicebat.

260 4481 389 4549 Reversi
412 4486 487 4547 sunt
510 4483 549 4548 ad
572 4504 705 4569 puerum
727 4504 853 4553 tursum
876 4481 1043 4551 adorantes
