3000 5125
193 717 318 804 „Quod
344 718 457 792 Judei
484 718 662 792 volebant
690 740 823 814 corpus
850 719 968 793 Maria
996 720 1162 815 dejicere.

271 960 365 1027 Judei
387 963 463 1025 tune
485 959 688 1045 psallentium
710 983 801 1026 voces
823 962 986 1029 audientes

273 1065 462 1145 (ludebant,
485 1065 636 1151 quidnam
658 1071 740 1131 esset
762 1067 831 1148 hoc,
854 1067 989 1134 invicem
1011 1069 1166 1137 dicentes:

276 1170 370 1236 ›Jesu
393 1170 565 1235 seductoris
588 1175 689 1236 mater
710 1176 759 1239 est
780 1176 906 1237 mortua
928 1173 1040 1254 Maria,

270 1276 373 1353 Quam
394 1278 562 1360 deportant
587 1277 627 1340 ad
649 1276 827 1361 sepulcrum
850 1300 921 1344 cum
944 1279 1002 1343 tali
1025 1280 1236 1365 symphonia!

193 1403 245 1440 ⁷³⁶⁰
271 1383 391 1448 Eamus
413 1403 490 1467 ergo
511 1382 615 1461 citius,
638 1387 802 1465 portantes
825 1385 1011 1465 occidamus,

270 1488 315 1553 Et
336 1488 490 1552 deiectum
512 1508 625 1570 corpus
649 1487 708 1551 hoc
731 1489 769 1553 ad
793 1492 910 1554 terram
934 1490 1172 1555 confundamus.

271 1591 375 1679 Igitur
396 1593 545 1658 velociter
567 1593 695 1677 pessimi
717 1594 887 1660 currebant

271 1699 316 1764 Et
337 1721 449 1784 corpus
471 1700 704 1764 sanctissimum
727 1701 859 1786 dejicere
881 1700 1039 1766 volebant.

273 1804 333 1869 Sed
354 1805 465 1869 ceteris
488 1806 665 1889 protervior
687 1828 768 1871 unus
791 1828 865 1871 mox
888 1808 1028 1887 accessit,

193 1928 246 1967 7777
271 1909 316 1974 Et
336 1930 449 1974 manus
472 1930 544 1973 suas
566 1908 684 1973 feretro
706 1910 881 1996 sagrilegas
904 1911 1052 1996 ingessit3

271 2015 332 2092 Qui
355 2037 427 2081 cum
448 2036 561 2079 manus
582 2015 696 2099 impias
720 2017 759 2080 ad
782 2016 912 2081 archam
934 2015 1125 2081 extendisset

272 2119 483 2203 Sanctumque
505 2119 636 2204 dejicere
659 2140 773 2202 corpus
795 2120 955 2200 voluisset,

272 2227 375 2291 Ambe
397 2247 509 2289 manus
532 2224 700 2308 riguerunt
721 2224 832 2288 statim
856 2223 994 2289 arefacte

271 2332 316 2397 Et
337 2331 527 2396 adheserunt
548 2329 664 2394 feretro
687 2328 827 2415 paralysi
850 2333 1019 2395 contracte.

194 2458 246 2495 asco
273 2436 400 2521 Reliqui
422 2435 561 2520 percussi
583 2439 658 2500 sunt
679 2456 788 2500 omnes
810 2436 959 2514 cecitate;

273 2543 325 2610 Sic
347 2565 467 2609 cessare
489 2542 684 2629 cogebantur
707 2545 839 2626 acepta
862 2541 1028 2627 pravitate.

272 2648 330 2714 Cui
352 2649 447 2713 etiam
471 2652 620 2713 aruerant
641 2670 754 2714 manus
776 2648 822 2713 ibi
844 2648 952 2713 stabat

272 2755 317 2820 Et
339 2776 411 2818 curn
432 2754 542 2818 multis
563 2754 702 2818 lacrimis
724 2754 853 2838 plorans
876 2753 1025 2834 eiulabat‚

273 2858 319 2925 Ut
341 2861 389 2924 sui
411 2860 634 2924 misererentur
657 2861 817 2944 apostolos
840 2859 984 2944 rogabat,

195 2986 247 3023 ⁷³⁶⁵
274 2966 424 3033 Attamen
448 2966 593 3050 precipue
615 2965 745 3029 beatum
766 2963 935 3030 invocabat

272 3071 412 3150 Petrum,
435 3072 558 3136 dicens:
585 3068 630 3134 »Ο
654 3075 690 3134 tu
714 3070 816 3150 Petra,
839 3092 923 3135 nunc
945 3073 1103 3135 memento
1125 3070 1206 3134 mei!

274 3178 345 3262 Ego
367 3180 399 3241 te
421 3199 495 3240 nam
517 3176 705 3240 excusabam
727 3175 814 3255 olim,
837 3198 908 3239 cum
931 3174 1025 3240 Judei

272 3282 432 3348 Volebant
453 3282 628 3346 interficere
651 3286 693 3360 te,
716 3304 788 3346 curn
811 3282 1001 3346 accusabant

272 3387 323 3452 Ad
345 3386 429 3451 fores
452 3386 606 3451 hostiaria
627 3391 721 3470 teque
743 3386 1005 3464 condemnabant,

194 3515 246 3551 7777
272 3493 363 3569 Quod
386 3514 467 3573 esses
490 3513 528 3556 ex
551 3491 712 3575 discipulis
734 3491 820 3555 illius
845 3488 959 3555 Galilei

271 3596 359 3677 Jesu,
382 3598 437 3681 qui
459 3620 493 3662 se
514 3596 617 3661 filium
638 3596 720 3661 dixit
741 3618 808 3661 esse
831 3595 907 3659 dei«

258 3703 386 3768 Petrus
409 3703 472 3767 ait:
499 3700 545 3766 »Ο
568 3706 604 3766 tu
625 3702 721 3767 miser
744 3702 778 3765 in
801 3699 878 3765 Jesu
901 3697 1028 3764 Christo
1051 3699 1150 3776 crede,

273 3809 303 3873 Α
325 3813 443 3892 tuaque
465 3807 597 3893 perfidia
620 3805 754 3872 Judaica
775 3805 903 3870 recede!
950 3800 953 3807 ’
977 3854 979 3857 ,

273 3913 371 3979 Crede
393 3914 443 3978 dei
464 3913 566 3977 filium
588 3910 698 3977 Jesum
720 3913 921 3976 incarnatum

195 4039 246 4076 ⁷³⁷⁶
273 4020 321 4086 De
343 4020 446 4084 Maria
469 4018 591 4103 virgine
613 4017 711 4082 fuisse
733 4037 858 4100 quoque
880 4019 1012 4092 natum;

273 4123 370 4189 Crede
393 4123 476 4207 quod
499 4123 542 4187 sit
564 4123 698 4208 virginis
721 4143 835 4205 corpus
857 4119 917 4186 hoc
939 4120 1105 4198 intactum,

272 4229 309 4294 In
333 4250 396 4313 quo
418 4229 467 4294 dei
490 4230 590 4313 patris
612 4228 675 4293 fuit
696 4228 828 4293 verbum
851 4249 923 4292 caro
946 4225 1101 4289 factum«

272 4334 331 4400 Ille
352 4357 426 4399 mox
449 4355 482 4399 se
504 4336 628 4400 credere
651 4333 813 4399 Christum
836 4330 1024 4398 exclamavit

273 4439 405 4505 Necnon
428 4440 467 4506 ad
490 4440 704 4525 apostolorum
727 4439 820 4526 pedes
843 4459 876 4502 se
898 4433 1081 4524 prostravit,
