3000 5125
522 385 840 492 'ror⁴

275 599 320 663 Ac
345 599 506 666 flectentes
529 622 635 665 coram
657 624 694 667 eo
716 623 823 688 genua
846 603 1012 670 dixerunt:

277 701 374 785 silve,
396 703 573 770 Judeorum
595 709 689 771 rex!‹
713 730 786 772 eum
809 707 987 789 illudentes,

273 807 312 873 In
335 832 425 874 suam
447 810 710 897 benignissimam
732 813 845 879 faciem
868 795 1025 900 spuentes.

273 914 351 980 Post
372 916 433 980 hoc
454 916 536 982 hanc
559 918 745 984 arundinem
767 920 806 984 de
828 943 925 985 manu
948 921 1146 988 retrahentes

195 1037 247 1076 cros
273 1017 325 1086 Ad
346 1025 443 1106 caput
465 1020 592 1087 Christo
615 1022 735 1089 feriunt
758 1047 830 1091 cum
853 1025 953 1111 alapis
977 1028 1130 1093 cedentes.

104 1320 222 1406 Quod
255 1321 366 1396 Jesus
399 1323 531 1399 illusus
569 1328 608 1399 et
648 1325 864 1421 flagellatus
899 1328 1076 1403 reductus
1118 1331 1176 1402 est
1216 1329 1264 1402 ad

600 1449 780 1523 Pilatum.

272 1653 324 1719 Ad
345 1653 487 1720 Pilatum
508 1659 619 1740 postea
641 1655 834 1722 reduxerunt
855 1656 976 1739 desum,

274 1761 433 1827 Affectum
455 1761 655 1827 contumeliis
677 1765 710 1827 et
732 1762 869 1848 flagellis
890 1785 1005 1845 cesum,

161 1961 164 1967 Ι
275 1866 461 1932 Portantem
483 1888 675 1952 purpuream
696 1871 816 1933 vestem
838 1871 871 1933 et
892 1868 1031 1951 illusum,

274 1972 353 2038 Cum
375 1993 492 2038 corona
514 1972 624 2057 spinea
645 1976 802 2057 sputoque
824 1972 997 2057 perfusum.

193 2099 246 2136 ⁴⁷1⁰
274 2077 397 2143 Pilatus
420 2094 525 2163 preses
548 2078 588 2143 ad
610 2099 644 2143 se
665 2076 776 2143 Jesum
799 2078 907 2144 videns
930 2082 1108 2147 venientem

273 2185 363 2250 Dixit
384 2184 424 2249 ad
442 2182 608 2249 :iudaicam
631 2184 887 2250 circumstantem
909 2190 1054 2271 gentem:

274 2291 374 2357 »Eece
394 2289 501 2370 homo,
523 2292 626 2355 vester
648 2310 714 2368 rex,
737 2289 793 2374 qui
815 2294 946 2356 vocatur
968 2290 1071 2371 Jesus,

272 2397 373 2463 Vobis
394 2395 447 2460 hic
469 2395 635 2460 adducitur
657 2415 729 2458 cum
753 2394 888 2479 flagellis
911 2417 1010 2476 cesus,

197 2530 205 2545 ·
271 2502 319 2570 Ut
339 2501 456 2581 sciatis,
480 2502 564 2586 quod
584 2500 619 2565 in
642 2521 679 2565 eo
701 2499 791 2566 nulla
813 2502 966 2587 repperiri

192 2631 246 2668 ⁴⁷1⁵
273 2610 375 2676 Causa
397 2613 502 2694 potest
524 2630 622 2693 quare
644 2612 746 2672 morte
768 2608 881 2673 debeat
903 2610 1029 2693 puniri:

272 2716 307 2783 Si
329 2721 435 2782 tamen
452 2715 550 2779 habet
572 2717 683 2778 contra
706 2736 761 2779 vos
784 2714 904 2799 aliquid
926 2715 1086 2793 delictum,

272 2822 393 2902 idcirco
415 2819 504 2886 vobis
526 2819 645 2885 tradidi
667 2818 805 2905 flagellis
828 2820 913 2884 hunc
936 2820 1101 2884 afflictum.

271 2927 332 2994 Per
353 2927 415 2993 hoc
437 2926 480 2991 sit
502 2926 592 2991 vobis
615 2925 823 3009 satisfactum,
844 2947 911 2990 non
934 2926 1041 3009 ipsum
1063 2924 1211 2989 occidatis

272 3032 340 3099 Nec
361 3056 454 3098 suum
468 3034 640 3098 ¹innoxium
662 3018 848 3117 sanguinem
872 3031 1042 3097 fundatis«

194 3160 247 3197 ⁴⁷²⁰
274 3140 363 3205 Tunc
385 3139 434 3203 illi
456 3138 674 3205 nefandissimi
697 3160 733 3202 ac
755 3138 883 3222 pessimi
905 3136 1001 3202 Judei

273 3245 394 3333 Magna
415 3267 490 3311 voce
511 3245 753 3310 conclamabant
775 3248 807 3309 et
829 3244 977 3308 dixerunt
998 3242 1045 3307 ei:

276 3350 392 3430 »Tolle
416 3351 503 3431 tolle,
525 3350 620 3415 tollas
644 3350 728 3414 hunc
750 3354 782 3415 et
803 3350 908 3433 ipsum
931 3347 1118 3433 crucifiget«

276 3455 393 3535 ›Tolle‚
416 3456 503 3536 tolle,
526 3456 620 3522 tollas
643 3456 728 3520 hunc
749 3459 782 3520 et
803 3455 908 3539 ipsum
930 3452 1115 3538 crucifiget«

271 3560 381 3627 Preses
403 3561 465 3626 ait:
493 3558 562 3626 »Ob
586 3583 682 3645 quam
704 3582 831 3625 causam
854 3564 902 3625 est
924 3558 977 3623 hic
998 3556 1191 3642 deligendus,

194 3686 246 3724 ⁴⁷²⁵
273 3666 356 3743 Quid
378 3667 462 3732 enim
486 3666 563 3732 mali
584 3666 660 3732 fecit
681 3666 735 3730 hic
756 3669 793 3759 nt
814 3666 857 3730 sit
880 3662 1111 3729 occidendus?‹
1222 3679 1225 3683 ’

272 3772 530 3857 Responderunt:
556 3769 677 3835 »Deum
699 3792 732 3834 se
754 3767 830 3834 feeit
852 3772 948 3853 atque
970 3786 1088 3852 regem,

271 3871 378 3963 Atque
400 3897 456 3960 per
478 3875 655 3939 doctrinam
678 3896 769 3938 suam
791 3877 934 3938 nostram
956 3873 1059 3937 cassat
1080 3868 1201 3954 legem:
1332 3886 1335 3889 ·

271 3982 356 4049 Nam
379 4005 413 4048 se
433 3981 513 4047 facit
534 4004 601 4046 esse
623 3981 716 4045 deum
738 3979 877 4063 dicitque
898 3976 982 4063 quod
1004 3975 1033 4041 ei

272 4088 322 4156 Sit
343 4093 434 4174 pater
457 4089 532 4153 deus
555 4091 588 4152 et
610 4085 693 4170 quod
715 4085 784 4169 ipse
806 4084 891 4148 filins
914 4083 957 4148 sit
979 4081 1057 4146 dei«

192 4214 244 4252 4⁷³⁰
271 4193 356 4260 Hinc
377 4215 545 4261 conversus
567 4191 606 4256 ad
630 4189 740 4255 Jesum
763 4189 844 4253 dixit
865 4192 942 4253 tunc
964 4186 1108 4250 Pilatus:

273 4299 353 4365 »Dic
374 4296 470 4365 liomo
492 4298 582 4377 mihi,
604 4297 675 4381 quis
698 4299 734 4360 tu
757 4296 800 4360 sis
824 4299 856 4359 et
878 4294 960 4358 unde
983 4290 1084 4356 tusis
1107 4290 1225 4352 natus?

271 4406 354 4482 Quid
375 4405 490 4484 fecisti,
514 4405 597 4489 quod
620 4406 652 4468 te
674 4423 752 4486 gens
775 4400 820 4465 sic
842 4399 910 4464 odit
931 4403 987 4463 tua
1012 4400 1090 4474 tota,

271 4511 316 4578 Et
337 4513 377 4577 ad
400 4509 602 4577 occidendum
625 4511 658 4573 te
681 4511 730 4572 est
752 4505 899 4571 universa
922 4505 1051 4568 motat«

157 4633 214 4678 vua
228 4633 303 4677 Marte
1022 4607 1052 4664 ll
