3000 5125
768 359 829 432 186

307 558 358 596 ⁶⁶2⁶
384 536 522 625 Spiritus
544 542 577 604 et
599 540 703 606 anime
724 563 793 606 mee
814 537 1037 623 redemptoris!

384 645 442 724 Vc,
465 668 521 710 cnr
541 668 647 713 meum
668 647 831 713 dominum
853 645 928 731 ipsii
948 644 1043 711 Judei

383 748 572 815 Occiderant
593 774 703 818 verum
724 753 818 818 deum
839 750 1004 835 filiumque
1025 749 1098 816 dei?

384 854 432 921 Ve
453 855 542 936 mibi,
565 878 622 921 cur
643 856 728 923 hanc
750 856 887 943 populus
910 855 1024 921 occidit
1045 852 1192 935 infidelis,

385 958 448 1036 Qui
470 981 528 1044 pro
550 959 653 1026 salute
674 960 775 1026 seculi
797 960 999 1026 descenderat
1013 960 1052 1025 de
1066 958 1163 1026 celis?

306 1082 358 1120 6666
383 1063 467 1130 Ν6111
491 1069 559 1130 erat
578 1066 635 1142 ⁴dei
657 1067 750 1145 filius,
775 1067 851 1132 deus
872 1066 1065 1144 incarnatus,

384 1171 429 1236 Et
451 1193 489 1235 ex
510 1171 615 1237 Maria
636 1173 761 1259 virgine
783 1194 833 1238 me
855 1171 972 1237 sciente
993 1173 1105 1242 natam

384 1277 463 1342 Esse
485 1278 635 1342 mundam
657 1278 815 1364 virginem
837 1299 927 1342 suam
950 1276 1014 1341 scio
1037 1279 1180 1355 matrem,

384 1380 519 1447 Nullum
540 1382 602 1448 nisi
624 1382 727 1449 solum
750 1384 843 1448 deum
865 1383 950 1447 hunc
972 1380 1089 1446 habere
1110 1383 1245 1464 patrem.

386 1486 438 1551 Ad
460 1487 520 1552 hoc
542 1493 647 1554 autern
671 1493 810 1571 venerat,
834 1493 871 1554 ut
889 1487 988 1554 lsrael
1010 1486 1147 1552 salvaret

311 1608 361 1647 6666
389 1593 495 1677 Atque
516 1616 652 1681 regnum
673 1596 777 1661 David
799 1596 884 1681 regis
906 1616 1033 1659 rursum
1055 1591 1231 1669 suscitaret,

384 1696 429 1762 Et
450 1698 582 1764 humani
604 1699 729 1785 generis
750 1699 876 1785 lapsum
898 1700 1068 1783 repararet,

385 1800 492 1887 Atque
514 1805 731 1888 peccatoribus
753 1810 882 1890 peccata
904 1803 1070 1869 relaxaret.

280 1982 287 1993 .
385 1906 471 1973 Nam
492 1910 648 1995 benignus
671 1910 851 1976 consolator
873 1913 942 1975 erat
963 1912 1171 1995 peccatorum,

387 2011 556 2078 Miserator
579 2013 747 2080 condolens
770 2014 833 2078 fuit
854 2014 1061 2091 miserorum

308 2132 360 2172 sno
386 2116 434 2181 Ac
455 2118 702 2184 misericordiam
723 2140 875 2205 magnam
896 2118 977 2183 mihi
999 2118 1083 2197 fecit,

385 2222 415 2286 A
437 2246 487 2288 1116
509 2246 580 2290 curn
603 2224 748 2290 demonia
771 2228 891 2310 septem
912 2224 965 2289 hic
986 2224 1086 2289 eiecit.

386 2328 447 2394 Per
469 2352 530 2414 que
551 2331 709 2414 peccatrix
731 2330 847 2396 misera
869 2330 991 2395 fueram
1013 2327 1147 2395 obsessa.

385 2435 430 2499 Et
452 2459 471 2500 a
492 2436 613 2500 cunctis
635 2439 837 2521 peccatorum
858 2435 945 2500 vitiis
968 2435 1122 2518 depressa.

385 2540 438 2606 Me
460 2539 556 2606 simul
578 2565 597 2606 a
619 2541 772 2607 demoniis
795 2544 831 2606 ut
852 2540 940 2607 vitiis
962 2538 1114 2626 purgavit

308 2664 359 2702 ⁶⁶⁴⁶
387 2646 432 2711 Et
453 2647 491 2711 ad
515 2647 722 2731 penitentiam
745 2647 883 2732 benigne
903 2669 954 2711 me
976 2645 1120 2723 vocavit3

386 2750 417 2815 A
438 2752 652 2817 misericordia
674 2751 755 2816 mihi
777 2751 942 2831 relaxavit,

387 2856 467 2922 Cum
488 2879 570 2942 pena
591 2857 717 2941 culpam
740 2857 855 2943 spiritu
877 2880 928 2922 me
950 2881 1007 2923 sua
1028 2854 1230 2937 confortarit,

386 2964 598 3030 Procumbens
621 2964 686 3028 suis
708 2964 841 3048 pedibus
863 2986 933 3028 cum
956 2985 1006 3028 me
1025 2962 1105 3028 flens
1128 2962 1270 3048 adjunxi,

386 3069 470 3146 Quos
492 3069 557 3134 lavi
578 3070 656 3134 meis
678 3068 819 3134 lacrimis
840 3072 872 3133 et
893 3067 1071 3133 confractos
1094 3068 1180 3133 unxi.

309 3194 360 3233 6666
386 3175 460 3241 Non
484 3175 713 3260 dedignabatur
735 3197 755 3238 a
776 3197 827 3239 me
848 3174 939 3259 tangi
961 3174 1143 3258 peccatrice,

387 3281 448 3358 Qui
471 3285 564 3346 natus
588 3285 635 3345 est
656 3282 694 3345 de
715 3280 840 3366 virgine
862 3280 980 3343 munda
1003 3278 1165 3364 genitrice.

386 3385 434 3453 Ve
454 3387 542 3466 mihi,
567 3387 637 3471 quis
660 3388 802 3451 decatero
825 3384 991 3450 consilinm
1016 3384 1156 3462 donabit,
1273 3376 1277 3385 ’

387 3492 464 3570 Quis
486 3493 567 3557 mihi
588 3493 653 3557 iarn
675 3493 833 3557 miserime
855 3490 1003 3556 solatium
1026 3488 1205 3574 prestabit?

386 3596 462 3662 Fuit
484 3597 568 3662 enim
589 3596 670 3662 mihi
692 3597 764 3681 pius
787 3596 948 3680 dulcisque
970 3593 1159 3672 consolator,

308 3720 361 3758 6666
387 3702 457 3768 Μ66
479 3724 611 3788 sponsus
634 3703 738 3767 anime
760 3704 836 3768 deus
859 3705 891 3767 et
913 3705 1044 3767 creator.

387 3807 434 3874 Ve
456 3808 545 3889 mibi,
569 3830 653 3873 nunc
674 3807 875 3872 subtrahitur
897 3828 969 3870 cum
990 3804 1090 3890 ipsius
1113 3805 1179 3869 vita

386 3914 465 3979 Eius
488 3913 661 3979 consolatio
684 3912 784 3978 dulcis
806 3917 838 3977 et
858 3910 1001 3977 mellita!

388 4017 424 4099 0,
448 4021 475 4084 si
498 4041 548 4084 me
571 4041 643 4084 cum
665 4040 702 4083 eo
723 4041 810 4083 mors
833 4018 941 4083 eadem
962 4018 1094 4095 teneret,

390 4125 435 4193 Ut
457 4147 514 4210 pro
537 4123 615 4190 Jesu
638 4146 786 4206 morerer,
809 4123 889 4188 mihi
911 4122 938 4187 si
960 4121 1086 4200 liceret3

309 4251 362 4291 6161
390 4230 427 4308 0,
451 4231 551 4295 duleis
574 4253 663 4295 amor
685 4231 836 4310 cordium,
860 4250 880 4293 o
900 4228 988 4293 mitis
1011 4230 1044 4293 et
1066 4227 1209 4305 amande,

388 4336 415 4402 0
439 4337 616 4401 animarum
638 4336 800 4422 gaudium,
823 4357 842 4399 0
865 4333 974 4398 dulcor
997 4332 1195 4406 admirande}

388 4441 426 4528 O,
448 4465 553 4510 meum
576 4442 774 4529 desiderium,
797 4463 815 4506 o
837 4439 914 4508 Jesu
937 4439 1137 4523 nominande,
