3000 5125
706 336 748 403 23

304 513 366 578 Hic
388 537 466 598 puer
488 515 683 582 exaltabitur
705 514 739 580 in
762 515 909 582 universo
932 518 1061 596 mundo,

245 639 283 675 ⁴⁴⁰
311 618 394 684 Nam
419 620 480 686 tibi
502 620 711 686 famulabitur
733 642 856 705 semper
878 622 971 702 corde
994 625 1123 690 mundo.

306 725 395 810 Ergo
417 725 478 790 tibi
500 725 626 790 dominc
647 725 757 792 laudes
779 727 953 792 decantabo

306 830 349 894 Et
371 832 484 895 intuo
506 832 634 896 nomine
657 853 781 921 semper
803 832 992 900 exultab0t‹
1078 855 1080 857 ·

306 933 443 1020 Cognati
464 936 531 1002 sive
552 936 674 1021 cogniti
696 941 774 1002 tunc
795 940 1075 1024 congregabantur

305 1038 355 1105 Ad
380 1042 507 1107 Annam
530 1047 562 1107 et
585 1043 625 1108 ad
646 1041 795 1108 Joachim
817 1048 850 1109 et
871 1045 1181 1134 congratulabantur

242 1164 281 1200 4⁴⁶
308 1144 400 1229 Ipsis,
423 1147 498 1232 quia
521 1148 666 1214 dominus
689 1170 741 1213 eos
764 1148 962 1232 respexisset,

258 1257 262 1264 '
304 1237 412 1335 Atque
435 1274 565 1337 germen
587 1253 719 1337 pulchre
741 1254 840 1338 prolis
863 1255 908 1318 eis
931 1254 1128 1320 contulisset.

305 1356 349 1420 Et
370 1359 529 1422 vocabant
551 1382 684 1443 puerum
706 1359 834 1424 nomine
855 1359 969 1439 Maria,
1074 1396 1077 1402 ·

303 1460 391 1528 Sicut
413 1486 467 1528 ecs
491 1464 661 1549 ltaphaelis
684 1466 838 1530 instruxit
860 1464 1038 1549 prophetia.

148 1778 204 1849 Dc
232 1777 345 1869 signis
373 1799 445 1872 que
474 1778 731 1871 apparuerunt
750 1776 789 1846 in
806 1761 1010 1850 nativitate
1024 1782 1154 1852 sancte
1167 1780 1296 1853 Maris.

304 1985 364 2049 Die
386 1986 512 2070 quando
535 1989 612 2049 nata
634 1985 697 2050 fuit
710 1986 823 2070 ¹proles
845 1986 909 2051 ista
931 1993 1051 2069 sancta,

143 2113 148 2118 ·
240 2110 279 2147 4⁶⁰
306 2090 407 2175 Super
430 2096 548 2156 terram
571 2092 701 2158 claritas
724 2092 762 2156 de
784 2092 850 2156 sole
872 2092 964 2157 fulsit
986 2096 1088 2173 tanta,

304 2195 339 2260 lu
363 2197 459 2281 duplo
482 2197 566 2281 quod
589 2196 661 2280 plus
683 2196 778 2261 solito
799 2197 848 2261 sol
869 2196 953 2262 luxit
974 2198 1009 2262 in
1030 2197 1091 2261 hac
1114 2196 1173 2273 die,

302 2302 515 2369 Nativitatem
537 2302 690 2367 nuntians
712 2302 803 2386 pueri
826 2301 936 2367 Maris.

303 2407 386 2474 Nam
409 2408 469 2473 hac
492 2409 542 2473 die
563 2408 744 2491 duplicatus
766 2407 831 2472 fuit
852 2409 1001 2492 splendor
1023 2408 1099 2473 solis

304 2511 418 2587 Ortum
440 2515 559 2579 mundo
582 2513 790 2579 manifestans
814 2515 989 2579 venerande
1011 2513 1129 2598 prolis;

239 2637 278 2675 4⁶⁶
306 2620 361 2704 Ac„
374 2620 431 2684 illa
452 2624 545 2684 nocte
566 2619 681 2684 clarior
703 2619 781 2684 luna
802 2621 998 2700 coruscabat,

302 2725 387 2790 Pene
408 2726 468 2790 soli
489 2726 602 2791 similis
625 2726 791 2810 splendore
813 2725 968 2807 radiabat,

301 2829 362 2896 llla
383 2850 458 2896 nam
481 2832 637 2896 nubecula
660 2853 721 2915 que
743 2831 854 2895 lunam
876 2852 999 2914 semper
1019 2830 1134 2909 fuscat,

302 2935 392 3012 Quod
414 2960 478 3002 non
501 2939 584 3002 sicut
605 2941 709 3001 cetera
730 2937 834 3001 sidera
856 2940 1011 3016 coruscat,

302 3042 362 3110 Per
384 3049 509 3129 tempus
531 3067 595 3108 non
618 3043 796 3128 comparuit
818 3047 904 3121 tunc,
927 3064 999 3106 cum
1021 3040 1085 3104 fuit
1106 3044 1183 3104 nata

120 3212 124 3218 ,
237 3170 276 3206 ⁴⁶⁰
304 3151 403 3235 Super
425 3155 543 3215 terram
566 3150 619 3233 pia
643 3149 747 3233 proles
770 3147 1040 3240 et'immaculata.

303 3253 363 3319 Sed
385 3277 504 3340 magna
526 3255 662 3339 quedam
684 3252 814 3318 claritas
837 3252 986 3335 apparuit
1007 3251 1042 3315 in
1064 3252 1142 3315 luna

262 3373 265 3379 “
303 3360 393 3430 Circa
415 3360 548 3450 globum
569 3341 708 3426 inedium
731 3359 825 3423 stella
847 3358 934 3422 velut
956 3379 1029 3421 una.

211 3683 315 3768 Quod
342 3660 519 3778 parentes
546 3684 717 3754 tulerunt
744 3679 904 3751 Mariam
932 3679 971 3778 in
998 3674 1230 3763 Jerusalem,

303 3893 381 3958 Post
403 3893 452 3957 bis
475 3892 689 3977 quadraginta
711 3890 777 3954 dies
799 3909 934 3973 puerum
956 3886 1101 3950 tulerunt

303 3997 454 4064 Parentes
477 3999 511 4062 in
534 3997 722 4074 Jerusalem,
746 4000 779 4060 et
799 3994 884 4058 hunc
908 3993 1170 4076 presentaverunt

238 4125 276 4160 ⁴⁶⁶
303 4103 355 4168 Ad
377 4104 542 4188 templum,
565 4108 597 4168 et
620 4102 803 4167 anniculum
826 4121 945 4185 agnum
968 4096 1154 4163 obtulerunt

290 4209 366 4301 'Pro
389 4231 444 4288 θος
468 4210 590 4294 prolem
612 4208 741 4297 domino
764 4209 809 4271 sic
831 4205 1102 4303 consecraverunt

711 4350 730 4391 ὅθ

217 4438 268 4494 465
286 4436 311 4491 G
330 4435 501 4510 agniculum.
