3000 5125
629 368 691 434 235

263 539 309 605 Et
329 538 379 612 illi
401 541 457 624 qui
478 542 689 625 possessiones
712 542 917 607 vendiderant
939 566 1058 623 eorum,

265 644 309 708 Et
331 646 468 729 pretium
491 651 661 730 posuerant
684 648 723 711 ad
746 649 963 731 apostolorum

264 748 372 830 Pedes,
396 754 433 815 ut
454 751 663 814 communiter
686 752 791 816 vivere
815 752 922 817 liceret

265 854 390 921 Sanctis
411 877 483 920 cum
507 855 669 940 apostolis,
692 878 749 920 nec
772 856 887 941 aliquis
910 859 1039 923 auderet

186 981 238 1019 ⁶⁹⁸0
264 961 391 1027 Habere
414 962 583 1046 quicquam
605 963 736 1047 proprii,
760 964 814 1028 sed
836 965 982 1048 cuiquam
1005 965 1150 1044 dabatur,

265 1068 366 1137 Prout
388 1089 454 1138 esse
476 1069 607 1136 cuilibet
628 1091 753 1138 necesso
775 1070 950 1136 videbatur.

109 1366 216 1454 Quod
254 1372 341 1464 post
374 1368 636 1464 dispersionem
675 1370 928 1463 apostolorum
968 1371 1069 1442 solus
1096 1337 1258 1440 Jacobus

276 1491 395 1564 frater
422 1492 563 1565 domini
590 1493 773 1566 remansit
798 1492 839 1564 in
865 1492 1088 1566 Jerusalem.

268 1698 321 1764 Illi
343 1705 419 1765 tunc
441 1699 618 1768 Jerusalem
640 1701 673 1765 in
695 1722 815 1786 magna
836 1704 1022 1785 paupertate
1114 1762 1118 1769 ,

267 1805 454 1871 Manserunt
476 1811 508 1872 et
530 1806 662 1890 penuria
684 1829 756 1871 oum
778 1828 884 1871 rerum
906 1810 1065 1891 egestate3

268 1910 352 1974 Nam
375 1914 447 1995 post
471 1914 604 1975 mortem
628 1908 782 1994 Stephani
803 1911 942 1974 maxima
963 1910 1060 1974 fiebat

110 2081 112 2086 Ι
191 2033 243 2072 sess
269 2014 306 2079 ln
329 2019 454 2082 sanctos
476 2016 662 2099 persecutio,
686 2037 747 2099 que
770 2016 887 2079 multos
909 2015 1117 2099 compellebat

269 2119 391 2185 Fideles
414 2144 433 2184 a
454 2119 632 2185 Jerusalem
655 2120 829 2196 discedere3
852 2121 987 2203 dispersi

269 2225 412 2290 Fuerunt
433 2248 490 2310 per
512 2226 680 2290 circuitum
702 2230 779 2290 tunc
802 2224 887 2290 orbis
912 2225 1049 2290 universi

269 2329 416 2415 Apostoli
437 2354 493 2416 per
514 2334 618 2395 totum
641 2331 811 2409 mundum,
835 2331 919 2414 quod
941 2332 1035 2396 fidem
1058 2331 1255 2414 predicarent

207 2448 211 2454 '
270 2436 312 2501 Et
335 2437 494 2501 credentes
516 2437 549 2501 in
572 2435 682 2501 Jesum
706 2435 869 2502 Christum
892 2436 1098 2521 baptizarent,

192 2562 244 2599 ⁶⁹⁹0
272 2540 332 2606 Sed
354 2540 493 2607 Jacobus
516 2542 688 2626 apostolus,
712 2541 797 2606 filius
821 2541 947 2625 Alphei,

270 2645 331 2723 Qui
353 2648 452 2721 frater
474 2648 576 2712 dictus
598 2647 703 2712 fuerat
727 2645 805 2712 Jesu
826 2647 885 2711 filii
907 2648 966 2726 dei,

270 2750 435 2816 Remausit
455 2753 491 2816 in
512 2750 689 2817 Jerusalem
712 2756 744 2816 et
765 2774 923 2836 nusquam
945 2755 994 2816 est
1015 2751 1184 2835 profectus.

270 2855 355 2921 Nam
377 2856 438 2921 sibi
460 2857 589 2941 quidam
611 2858 715 2921 inerat
736 2858 876 2941 corporis
899 2858 1056 2936 delectus3

231 3023 235 3029 .
273 2961 410 3027 Glaudus
433 2963 517 3028 enim
539 2962 654 3043 fuerat,
677 2984 768 3028 crure
791 2985 848 3027 suo
871 2962 993 3040 fract03

193 3085 244 3121 ⁶⁹⁹⁶
271 3066 341 3132 Hoc
363 3069 392 3131 ei
415 3069 593 3153 contigerat
615 3092 654 3133 ex
675 3069 845 3154 impiorum
868 3067 954 3132 facto

273 3169 456 3250 Judeornm,
481 3173 535 3255 qui
557 3195 613 3256 per
635 3173 753 3256 gradus
775 3172 886 3256 templi
909 3171 1087 3236 deiecerunt

273 3275 379 3355 Illum,
402 3277 504 3343 multo
527 3275 660 3343 verbere
677 3298 748 3341 crus
771 3277 837 3341 eius
859 3277 1092 3361 confregerunt.
1223 3327 1226 3331 J

272 3379 378 3465 Igitur
400 3379 576 3446 Jerusalem
597 3383 632 3446 in
655 3382 838 3465 episcopatu

217 3570 220 3575 Ι
273 3485 395 3567 Mansit
416 3490 447 3553 et
469 3487 503 3551 iu
524 3487 658 3571 virginis
681 3487 783 3551 Mario
804 3486 980 3564 famulatu;

196 3610 247 3649 roco
275 3592 322 3656 Ac
343 3592 389 3655 ibi
412 3613 514 3655 secum
537 3591 667 3675 plurimi
689 3591 796 3656 fideles
819 3594 1069 3681 permanserunt,

186 3736 189 3744 ·
275 3698 380 3780 Atque
401 3719 491 3760 suam
513 3718 569 3779 per
592 3695 768 3763 doctrinam
790 3697 823 3759 in
845 3695 907 3759 fide
929 3696 1149 3760 substiterunt.

276 3801 388 3886 Ibique
410 3802 539 3886 quidam
560 3807 802 3885 permanserunt
825 3802 865 3865 ob
889 3801 1090 3866 dilectatione

222 3988 225 3992 ι
274 3908 375 3972 Mario
397 3907 509 3971 matris
532 3910 564 3971 et
586 3906 626 3971 ob
649 3907 715 3971 eius
738 3906 962 3984 consolatione,

274 4011 321 4077 Ut
343 4035 381 4083 ex
404 4013 468 4076 suis
492 4013 687 4079 documentis
710 4011 745 4076 hi
768 4011 1033 4090 confortarentur,

196 4138 248 4175 ποοῦ
274 4118 318 4181 Et
341 4116 484 4182 dulcibus
507 4116 672 4200 colloquiis
695 4116 762 4179 eius
784 4114 976 4207 fruerentur,

276 4221 435 4306 Suamque
457 4221 649 4305 presentiam
671 4225 707 4285 ut
730 4221 849 4305 iugiter
872 4221 1033 4297 haberent,

275 4327 320 4390 Et
342 4326 465 4393 dulcem
487 4349 576 4391 suam
598 4325 713 4391 faciem
735 4326 916 4410 frequenter
938 4329 974 4388 ut
997 4322 1147 4387 viderent.
1242 4352 1248 4366 ι

275 4430 321 4496 Hi
343 4431 420 4498 Jesu
443 4436 516 4517 post
538 4431 751 4502 ascensionem
775 4429 952 4507 Jerusalem
973 4430 1168 4507 manserunt,
