3000 5125
810 395 872 462 114

421 570 466 636 Et
489 576 613 636 creator
635 572 777 636 omnium
799 592 872 636 oum
894 591 952 635 sua
975 574 1130 652 creatura,

419 676 502 754 Quia
523 677 615 760 virgo
637 681 813 741 creatorem
835 680 926 741 utero
947 675 1101 760 concepit,

422 780 556 847 Carnem
579 781 620 846 ab
642 780 702 846 hac
724 782 849 868 virgine
871 786 1058 867 creatorque
1081 781 1209 867 recepit,

418 884 552 951 Carnem
574 886 657 950 hanc
679 885 887 950 mundissime
909 889 1036 950 constat
1057 889 1241 951 naturatum
1333 893 1337 899 ’

339 1008 392 1047 ³²⁸⁶
418 989 602 1056 Purissimis
623 989 812 1055 humoribus
833 990 1128 1075 complexionatam

417 1095 538 1161 Tamen
559 1095 680 1160 nonin
703 1094 771 1159 filio
794 1094 844 1159 dei
866 1094 1025 1180 generalis

416 1200 592 1268 Hominum
613 1200 790 1286 complexio
813 1199 861 1279 fit,
885 1200 939 1265 sed
961 1200 1134 1285 spiritalis3

417 1305 502 1372 Nam
524 1304 675 1391 quicquid
696 1305 731 1369 in
754 1304 942 1370 humoribus
964 1306 1187 1372 inveniebatur

416 1409 530 1476 Purius
553 1414 585 1476 et
609 1409 757 1474 mundius
779 1408 857 1473 illuc
879 1407 1055 1474 addebatur

342 1534 395 1572 erro
420 1514 473 1579 Ad
495 1536 609 1600 corpus
631 1501 868 1579 sanctissimum
890 1512 969 1579 Jesu
990 1513 1050 1578 filii
1072 1515 1133 1597 dei,
1269 1566 1270 1569 η

418 1618 509 1697 Quod
531 1642 570 1685 ex
591 1619 695 1684 Maria
717 1620 843 1705 virgine
865 1620 1010 1684 iunctum
1032 1618 1096 1685 fuit
1118 1621 1157 1686 ei.

418 1724 504 1791 Nam
526 1727 663 1791 calidum
685 1730 719 1790 et
739 1725 906 1790 humidum
929 1727 1061 1812 sanguis
1083 1726 1297 1810 ministrabat,

421 1830 597 1896 Humidum
620 1834 652 1896 et
672 1830 828 1917 frigidum
850 1829 969 1915 flegma
988 1830 1191 1915 propinabat,

421 1935 547 2002 Sicoum
568 1940 664 2020 atque
685 1935 823 2001 calidum
845 1936 950 2002 colera
971 1935 1134 2021 prebebat,

346 2062 398 2101 aar
424 2041 613 2108 Melancolia
634 2040 789 2127 frigidum
812 2046 845 2106 et
866 2041 984 2107 siccum
1006 2041 1169 2110 offerebat.

420 2147 579 2214 Humores
601 2147 656 2211 isti
678 2151 816 2231 quatuor
837 2169 908 2211 curn
931 2150 1018 2212 certa
1040 2147 1220 2231 quantitate

421 2251 664 2319 concordabant
686 2252 821 2317 invicem
843 2252 877 2315 in
900 2274 958 2316 sua
981 2252 1146 2336 qualitate,

420 2357 498 2424 Jesu
519 2359 569 2423 sui
591 2358 742 2423 creatoris
764 2378 879 2441 corpus
900 2357 1083 2443 irrigantes,

418 2463 565 2530 utillud
587 2463 620 2526 in
643 2462 765 2548 optimo
788 2464 875 2526 statu
897 2460 1098 2541 collocantes,

343 2591 393 2628 seco
420 2569 468 2650 Ut
490 2572 535 2635 eis
557 2567 650 2634 Jesus
673 2568 788 2634 statuit
809 2568 856 2632 ita
878 2567 1110 2652 temperabant,

421 2673 460 2739 In
481 2675 552 2760 ipso
574 2696 647 2739 sues
669 2673 841 2759 qualitates
863 2677 895 2738 et
917 2694 1032 2759 corpus
1054 2674 1292 2740 conservabant.

399 2774 460 2845 ,In
482 2779 641 2864 frequenti
662 2779 800 2843 sanitate
821 2778 903 2842 nihil
926 2777 1150 2863 discrepantes,

422 2883 497 2950 Non
519 2906 591 2949 cum
613 2884 733 2949 morbis
756 2881 916 2968 aliquibus
935 2881 1022 2949 huno
1043 2884 1313 2970 distemperantes.
1471 2928 1472 2937 κ

421 2987 560 3074 Sanguis
581 3011 646 3054 non
669 2989 874 3074 computruit,
897 3010 955 3054 nec
977 3011 1010 3053 se
1031 2990 1263 3075 corrumpebat,
1421 2988 1423 2991 ’

344 3113 397 3151 ³³0⁶
422 3093 590 3179 Morbiqne
613 3092 773 3161 molestias
795 3095 901 3159 nullas
923 3094 1102 3159 inducebat.

421 3196 496 3263 Non
518 3199 622 3284 ipsum
643 3199 721 3265 fecit
741 3199 887 3265 hebetem
910 3199 1027 3284 flegma
1049 3222 1151 3285 neque
1173 3201 1303 3282 lentum,

421 3303 489 3370 Nec
511 3305 639 3391 pigrum
661 3328 718 3371 nec
740 3328 812 3370 cum
835 3305 943 3390 aliqua
964 3306 1157 3391 pinguedine
1180 3305 1358 3391 distentum.

422 3407 596 3494 Nunquam
619 3434 690 3477 eum
712 3411 817 3476 colera
838 3409 916 3475 fecit
937 3410 1134 3491 iracundum,
1263 3425 1265 3430 '
1470 3418 1471 3491 l

422 3514 597 3581 Versutum
620 3518 670 3582 vel
692 3517 873 3582 instabilem
897 3515 963 3581 sive
985 3514 1204 3582 furibundum.

346 3638 398 3677 ⁸⁸1⁰
424 3619 614 3687 Melancolia
635 3643 700 3686 non
721 3621 798 3687 fecit
820 3621 905 3686 hunc
928 3621 1053 3687 tristem
1075 3622 1126 3688 vel
1147 3627 1298 3702 tenacem,

386 3770 387 3773 κ
424 3724 571 3791 Invidum
594 3727 645 3792 vol
667 3726 811 3806 lividum,
834 3727 1000 3792 timentem
1021 3727 1073 3793 vel
1093 3727 1249 3793 fallacem.

425 3830 476 3896 Sic
497 3831 646 3897 humores
669 3835 807 3915 quatuor
829 3853 894 3896 non
916 3834 1008 3898 erant
1029 3832 1228 3899 dominantes

424 3934 462 4000 In
484 3934 563 4001 Jesu
584 3936 782 4020 corpusculo,
805 3936 859 4001 sed
881 3936 943 4001 sibi
964 3935 1166 4004 famulantes.

333 4068 335 4072 ·
424 4038 622 4109 Resecabant
644 4040 751 4105 omnia
774 4039 933 4122 superflua
956 4046 1069 4105 nature

346 4163 397 4201 ³³¹⁶
423 4142 462 4209 In
485 4146 569 4210 bono
592 4148 678 4209 statu
701 4145 852 4210 creatoris
874 4166 988 4231 corpus
1011 4147 1161 4230 positure.

498 4310 602 4396 Quod
629 4312 739 4386 desua
766 4335 959 4406 nunquam
987 4314 1187 4408 egrotavit.

423 4458 517 4525 Jesus
539 4482 702 4544 nunquam
724 4461 851 4547 languit
875 4462 924 4528 vel
946 4460 1169 4526 infirmabatur
1219 4512 1223 4523 .
1259 4495 1265 4506 ·
