3000 5125
740 371 803 446 128

354 546 474 613 Jacobo
495 568 552 630 per
573 545 769 631 singularem
791 545 1033 629 apparitionem,

353 651 398 715 Et
420 651 608 737 quingentes
630 650 785 715 fratribus
807 648 903 715 simul
925 648 1137 735 congregatis,

275 774 328 812 ³⁶⁴⁶
354 754 471 821 Scribit
492 755 578 819 hunc
600 756 782 840 apparuisse
805 776 879 820 cum
899 753 1108 819 humanitatis

257 919 259 926 ,
352 859 484 935 Forma;
510 881 595 924 nnnc
617 882 675 944 pro
697 862 832 926 veritate
853 859 1028 925 recitantur
1050 859 1122 936 isca,

354 964 505 1041 Quamvis
527 966 635 1031 nullus
657 966 818 1051 scriptitat
838 965 898 1031 hec
920 965 1125 1051 evangelista.

352 1068 458 1156 Igitur
479 1070 662 1155 delinquere
686 1070 769 1135 nihil
792 1074 903 1136 contra
924 1070 1019 1135 deum

353 1173 406 1240 Me
429 1197 530 1259 spero,
554 1175 608 1241 sed
630 1177 806 1261 propitium
828 1180 860 1241 et
882 1175 1059 1261 benignum
1081 1197 1152 1239 eum

275 1296 327 1335 ³⁶⁶⁰
355 1279 558 1360 Habitum,
581 1282 609 1345 si
630 1304 689 1366 pro
712 1281 805 1347 laude
826 1280 964 1346 nominis
986 1280 1085 1365 ipsius

351 1383 472 1469 Aliqua
493 1386 708 1470 conscripsero
731 1409 793 1471 que
814 1390 922 1451 tamen
944 1389 1035 1452 erant
1057 1384 1144 1468 prius

351 1486 404 1553 Ab
427 1490 499 1555 aliis
521 1488 703 1556 doctoribus
726 1495 801 1556 ante
824 1491 1004 1576 divulgata¹

350 1594 395 1659 Et
417 1594 507 1659 libris
529 1595 563 1660 in
585 1596 754 1661 autenticis
776 1596 895 1681 scripto
917 1595 1145 1662 commendata.

351 1698 435 1765 Illud
458 1705 565 1766 autem
587 1701 736 1784 deprecor
759 1725 777 1767 a
800 1702 877 1767 viris
899 1701 1060 1780 litteratis,

273 1823 326 1861 ποῦ
353 1803 400 1870 Ut
422 1805 482 1870 hec
509 1806 598 1890 sique
620 1807 794 1890 repererint
817 1828 878 1891 qne
900 1806 985 1871 viam
1007 1804 1150 1870 veritatis

352 1909 525 1989 Excedunt,
553 1910 610 1975 illa
632 1912 795 1997 corrigant
817 1911 867 1975 vel
889 1911 1016 1995 penitus
1039 1909 1202 1988 abradant,

352 2011 414 2078 Vel
435 2015 462 2078 si
484 2015 588 2098 placet
609 2018 714 2080 totum
735 2015 854 2080 librum
876 2013 1086 2080 combustioni
1109 2014 1248 2079 tradant.

353 2117 406 2184 Sic
427 2119 553 2186 invidus
576 2142 640 2185 non
663 2121 762 2186 habet
782 2120 836 2188 hic
858 2121 963 2185 locum
983 2118 1179 2198 detrahendi,

352 2221 419 2288 Nec
441 2226 563 2290 emulus
585 2227 725 2291 inveniet
747 2247 875 2290 causam
896 2224 949 2289 hic
971 2225 1153 2300 mordendi3

274 2343 327 2383 aaa
352 2325 438 2400 Nam
460 2331 591 2398 cuilibet
613 2332 795 2404 conceditur
817 2335 959 2415 potestas
981 2329 1161 2416 corrigendi

213 2485 216 2494 .
353 2431 485 2500 Librum
506 2436 614 2517 istum,
638 2437 689 2506 vel
711 2438 738 2503 si
759 2437 866 2524 placet
887 2440 993 2502 toturn
1013 2434 1196 2504 abradendi.
1220 2458 1223 2469 ·

196 2793 357 2890 Explicit
382 2798 572 2892 prologus,
627 2796 764 2892 Incipit
798 2797 895 2869 liber
921 2796 1060 2869 tertius
1088 2795 1133 2866 de
1162 2795 1243 2869 vita
1271 2795 1359 2890 glo-

195 2917 291 2991 riose
328 2920 484 3014 virginis
519 2918 638 3003 Maria
676 2923 715 2991 et
756 2919 800 2992 de
837 2922 952 3015 gestis
989 2918 1057 2990 filii
1093 2918 1171 2991 eius
1206 2917 1358 2990 domini

562 3043 683 3116 nostri
710 3042 804 3117 Jesu
831 3041 981 3119 Christi,

352 3275 432 3342 Cum
454 3275 571 3361 viginti
593 3299 708 3345 novem
730 3300 830 3357 annos
852 3276 947 3345 Jeaus
968 3277 1164 3361 implevisset

353 3380 406 3449 Ad
429 3404 610 3467 annumque
632 3383 828 3453 tricesimum
847 3384 944 3451 etatis
965 3383 1030 3451 iam
1052 3383 1199 3461 uouisset,

350 3486 504 3557 Zacharia
526 3488 613 3557 filius
633 3486 800 3555 Johannes
821 3488 1007 3573 predicabat

274 3609 328 3649 acca
354 3590 394 3661 In
413 3593 538 3667 deserto
561 3615 696 3679 ragnum
718 3593 779 3671 (lei,
799 3614 923 3665 necnon
946 3592 1129 3677 baptizabat
1161 3621 1164 3626 ·

352 3696 518 3781 Baptismo
541 3698 716 3782 penitentie
734 3696 857 3771 <cubos
880 3699 914 3771 in
936 3696 1085 3778 dardane.

352 3800 544 3888 Voluptates
567 3825 716 3888 respuens
738 3803 835 3877 huius
856 3805 922 3877 vua
943 3826 1031 3881 vona

351 3906 403 3973 Ad
426 3908 511 3981 hunc
532 3906 714 3981 Jobannam
735 3908 882 3983 domicnn
905 3908 1000 3983 Jesus
1021 3908 1169 3977 veniebat

350 4012 396 4079 Et
418 4014 459 4081 ab
482 4036 518 4080 co
540 4013 697 4098 baptizari
719 4036 793 4079 cnm
813 4014 926 4091 ceteris
950 4014 1086 4087 volebat.

273 4137 326 4177 ³⁶⁷0
352 4117 526 4197 Johannea
550 4120 590 4184 ad
612 4141 646 4186 se
668 4120 832 4189 dominum
854 4120 962 4189 videns
985 4120 1163 4195 venientem

351 4224 396 4287 Et
418 4222 458 4286 ab
481 4244 518 4288 eo
540 4223 681 4303 finiminis
703 4226 898 4310 baptismum
920 4227 1145 4311 requirentem,

354 4326 429 4391 Ait:
456 4324 528 4391 »Ad
549 4350 609 4407 rae,
633 4328 770 4409 domine,
793 4335 831 4401 tu
852 4331 942 4401 venis
964 4330 1132 4423 baptizari,

351 4429 383 4496 Α
404 4434 531 4501 tecum
552 4432 698 4503 deberem
720 4454 781 4521 ego
803 4456 860 4519 par
879 4434 1045 4511 lavacrum
1066 4432 1245 4507 mautarn«
