3000 5125
765 341 828 409 198

374 521 497 589 Deinde
517 542 631 605 corpus
654 519 751 605 recipi
774 505 924 585 detractis
947 518 1051 604 primo
1073 496 1206 600 clavis}-

378 629 446 693 Hec
467 626 569 691 Maria
591 647 717 691 cernere
739 626 830 691 dolor
852 630 921 690 erat
943 626 1061 710 glacis.

377 732 478 817 Super
500 753 612 815 corpus
634 730 694 795 lilii
715 730 782 795 ruit
803 753 910 796 amens
931 730 1028 811 facte,
1193 717 1196 723 ³

376 837 478 903 lacuit
500 835 654 900 exanimis
677 839 779 900 mater
801 835 991 901 incentacta.

303 961 355 1001 sam
380 941 445 1007 Vix
467 947 628 1023 resumpto
651 938 766 1024 spiritu
788 940 872 1024 cepit
894 940 1071 1021 lamentari,

387 1048 464 1114 Plus
488 1069 584 1132 quam
605 1045 693 1110 mille
714 1044 836 1110 vicibus
859 1067 894 1110 os
917 1046 985 1111 eius
1006 1045 1152 1111 osculari.

380 1152 550 1219 Oseulatur
571 1155 667 1236 caput
689 1152 755 1216 eius
779 1151 879 1236 spinis
901 1156 1096 1232 coronatum,

381 1258 499 1323 'lotum
521 1279 559 1323 ex
582 1255 698 1321 aculeis
720 1257 884 1340 spinarum
907 1257 1124 1334 vulneratum3

382 1363 552 1430 Osculatur
573 1362 689 1441 oculos,
713 1385 815 1442 eures,
839 1385 962 1443 nasum,
986 1385 1084 1448 genas

195 1534 200 1549 ,
303 1488 354 1525 cau
382 1467 490 1554 Sputis
513 1472 609 1554 atque
630 1468 770 1534 lacrimis
793 1472 825 1534 et
846 1489 957 1534 cruore
979 1469 1106 1553 plenas3

383 1573 553 1639 Oseulatur
574 1574 714 1639 frontem
736 1574 813 1654 eius,
837 1573 993 1666 maxillas,
1016 1573 1142 1652 cellum,
1165 1576 1325 1652 mentum,

385 1678 539 1743 Amanum
560 1701 655 1763 super
677 1679 806 1765 singula
827 1679 944 1745 faciens
967 1680 1159 1757 lamentum3

386 1784 556 1851 Osculatur
578 1808 691 1849 manus
713 1808 787 1850 suas
809 1785 907 1850 clavis
929 1785 1116 1870 perforatas,
1168 1821 1171 1824 ·
1211 1812 1214 1817 ·

383 1888 573 1974 Lividasque
594 1890 739 1975 scapulas
761 1889 897 1977 flagellis
919 1892 1091 1968 laceratam

308 2014 359 2052 seeo
387 1993 556 2060 Oseulstur
578 1995 718 2075 brachia,
742 1995 932 2062 mammillas
955 2001 1051 2081 atque
1072 2000 1192 2080 pectus,

386 2101 471 2166 Nam
493 2101 554 2166 sibi
578 2102 640 2166 fuit
662 2101 774 2166 unicus
797 2107 829 2167 et
850 2102 936 2168 filius
958 2102 1109 2180 dilectus3

386 2205 554 2272 Oseulatus
577 2207 687 2273 lancea
708 2208 792 2273 latus
815 2208 1030 2292 perforatum.

387 2313 493 2397 Atque
515 2313 643 2379 dorsum
664 2318 865 2380 cruentatum
887 2314 1070 2381 verberibus
1093 2313 1272 2390 sulcatum

386 2417 549 2484 Perfosses
570 2421 664 2503 pedes
686 2421 798 2487 ferreis
821 2420 918 2485 clavis
941 2420 1133 2501 osculatua·

307 2542 360 2582 eece
387 2522 497 2590 Tibiae
520 2529 552 2591 et
573 2547 679 2612 genua
700 2527 910 2611 complectens
932 2526 1135 2605 lacrimatur3

386 2630 544 2697 Universa
565 2632 697 2698 vulnera
719 2633 858 2698 lacrimis
881 2632 1019 2719 rigabat,
1105 2678 1108 2682 ι

387 2738 431 2802 Et
454 2760 548 2821 super
570 2739 682 2824 plagas
705 2739 850 2825 singulas
873 2739 1024 2804 acerrime
1045 2737 1214 2823 plorabat·

387 2842 491 2927 Caput
513 2848 608 2929 atque
631 2844 748 2911 collum
771 2844 838 2910 eius
860 2843 945 2923 ulnis
969 2844 1177 2928 amplexatur,

387 2948 604 3034 Comprimens
627 2951 666 3015 ad
688 2949 788 3016 ubera
810 2972 867 3014 sua
888 2950 1091 3015 lamentatur.

310 3073 362 3111 aava
388 3053 539 3119 Dicebat:
566 3053 643 3135 »Va
666 3077 704 3119 ve
726 3054 774 3119 fili
795 3055 850 3135 mi,
874 3077 924 3120 me
945 3054 1037 3120 unice
1058 3055 1104 3119 mi
1125 3057 1210 3134 nate,

387 3159 445 3238 Ve,
467 3182 506 3224 ve
527 3160 607 3225 mihi
629 3161 725 3225 matri
747 3164 812 3241 tue,
833 3183 908 3227 nam
930 3161 1055 3226 desolor
1077 3183 1097 3226 a
1119 3163 1172 3228 te!
1200 3162 1203 3170 '

388 3264 446 3344 Ve,
469 3286 507 3330 ve
528 3287 599 3330 mea
620 3266 746 3347 misem,
770 3290 826 3332 cur
848 3266 947 3334 ubera
968 3267 1092 3348 suxisti,

389 3370 463 3436 Meo
484 3393 540 3436 cur
562 3394 602 3437 ex
623 3376 714 3438 utero
737 3374 825 3439 nasci
849 3373 989 3454 voluisti,

390 3476 470 3542 Cum
490 3480 649 3543 tormenta
671 3479 750 3544 talia
773 3479 894 3544 scivisti
916 3484 948 3545 te
970 3500 1139 3563 passurum
1165 3538 1168 3543 ,
1302 3560 1306 3566 ⁶

310 3602 362 3641 ⁶⁹⁷⁶
389 3583 434 3648 ut
456 3588 488 3649 te
509 3566 612 3649 morte
634 3589 701 3650 tem
723 3586 879 3671 probrosa
901 3585 1021 3651 sciebas
1042 3585 1277 3651 moriturum&

390 3688 442 3754 Sic
464 3689 523 3754 filii
547 3691 732 3777 corpusculo
755 3695 857 3757 mater
876 3692 1081 3757 incumbebat
1181 3740 1184 3748 .

391 3794 594 3879 Amplectens
616 3795 707 3875 illud,
731 3800 763 3860 et
786 3796 827 3860 ab
849 3796 910 3862 hoc
932 3796 1103 3861 avelli-vix
1125 3795 1262 3875 valebat,

390 3898 553 3965 Clemens:
580 3899 626 3966 »0
649 3901 693 3965 mi
715 3901 815 3981 unice,
840 3901 928 3967 ofili
950 3924 1102 3983 morose,

390 4005 475 4071 Mori
496 4012 551 4073 tue
573 4007 679 4073 tribue
701 4008 799 4073 matri
821 4009 1003 4074 doloroseu

308 4237 413 4322 Quod
441 4259 575 4332 corpus
604 4238 705 4311 Jeeu
733 4240 962 4334 portabatur
989 4240 1039 4312 ad
1066 4239 1335 4334 sepeliendum.-

311 4448 363 4495 eaeo
389 4426 580 4503 Nicodamus
602 4434 635 4495 et
656 4429 816 4523 Josephus
839 4455 953 4518 cerpus
974 4431 1193 4515 involverunt,
