3000 5125
823 445 921 510 98-

265 724 378 809 'Quod
406 725 518 799 Jesus
546 725 741 819 suspendit
776 724 960 797 amforam
996 746 1103 797 suam
1122 748 1243 818 ,super
1274 727 1419 797 radium

795 848 895 921 solis.

350 1058 402 1095 2⁷⁸⁰
428 1040 474 1105 ut
496 1041 534 1106 de
555 1039 645 1105 fonte
667 1038 760 1105 Jesus
783 1061 861 1123 puer
884 1040 1073 1124 quandoque
1095 1039 1266 1118 deferebat,

430 1144 558 1229 Aquam
580 1167 636 1209 sue
658 1144 805 1229 genitrici
828 1166 925 1228 quam
946 1143 1055 1208 bibere
1077 1143 1215 1223 volebat,

429 1250 519 1315 Tunc
541 1272 636 1334 super
658 1249 733 1314 solis
757 1249 880 1314 radium
904 1248 1068 1313 vasculum
1089 1249 1265 1346 suspendit,

429 1355 473 1420 Et
494 1360 568 1439 post
589 1377 622 1420 se
644 1355 742 1419 solem
765 1355 847 1418 sicut
869 1355 978 1418 funem
1000 1376 1073 1418 cum
1095 1354 1224 1418 vasculo
1246 1354 1392 1418 tetendit.

420 1672 524 1757 Quod
553 1694 646 1766 puer
674 1673 786 1745 Jesus
813 1675 957 1767 positus
984 1678 1043 1747 est
1071 1674 1117 1747 ad
1135 1676 1277 1750 ‚scolas

431 1885 535 1949 Maria
557 1886 674 1949 ducens
696 1884 800 1949 filium
822 1884 861 1948 ad
883 1885 984 1965 scolas
1007 1884 1239 1948 commendavit

355 2011 407 2048 2⁷8⁶
434 1992 602 2077 Magistro,
626 1991 711 2075 quod
733 1995 765 2055 et
788 1990 911 2054 litteras
934 1989 1047 2053 docent
1070 1989 1155 2053 hunc
1177 1989 1311 2074 rogavit.

434 2094 550 2160 Omnia
572 2094 710 2179 perfecte
732 2116 810 2178 puer
833 2094 1032 2158 doctissimus
1054 2093 1183 2171 sciebat,

432 2201 528 2265 Hunc
551 2201 704 2285 magister
726 2197 952 2281 descriptoris
976 2199 1085 2268 docere
1108 2220 1169 2283 que
1191 2197 1325 2276 volebat,

432 2307 513 2372 Cum
531 2310 661 2371 ventum
683 2306 793 2371 estad
816 2304 958 2369 litteram
980 2302 1001 2368 J
1024 2325 1085 2387 que
1109 2307 1317 2387 nuncupatur,

433 2412 526 2478 Jesus
550 2412 613 2477 ait:
639 2412 780 2477 »Littera
803 2410 879 2495 quid
901 2410 959 2474 heo
981 2410 1253 2493 interpretaturi«
1342 2481 1346 2489 .

270 2543 273 2548 ·
354 2536 406 2575 2⁷⁹0
433 2516 493 2583 Sed
516 2539 588 2582 cum
611 2516 720 2581 doctor
743 2514 940 2598 stupefactus
963 2535 1149 2599 responsum
1171 2513 1342 2598 ignoraret,

433 2622 515 2700 Quid
538 2623 726 2706 respondere
748 2643 846 2705 puero
866 2624 973 2705 posset
995 2618 1161 2704 cogitaret,

433 2727 526 2793 Jesus
541 2727 602 2793 ait:
629 2728 786 2813 »Egomet
809 2730 904 2810 atque
926 2729 1016 2810 pater
1038 2712 1144 2789 meus*

434 2832 496 2896 Per
516 2833 619 2914 ipsam
640 2831 866 2916 intellegimus,
889 2853 964 2894 nam
986 2828 1008 2894 J
1030 2830 1091 2894 hoc
1113 2835 1206 2895 sonat
1228 2831 1332 2895 deus«

433 2935 495 3002 Sed
518 2936 594 3021 quid
616 2958 694 3020 puer
716 2936 842 3016 diceret,
866 2958 930 3001 non
953 2936 1154 3021 intelligebat

357 3062 409 3100 ἢτοῦ
436 3043 602 3128 Magister,
625 3047 721 3127 atque
742 3043 851 3109 taliter
874 3043 903 3107 ei
925 3044 1154 3127 respondebat:
1271 3103 1277 3111 .

440 3148 519 3213 »Vel
542 3149 684 3234 angelus,
707 3150 757 3213 vel
779 3150 919 3233 spiritus,
944 3149 993 3213 vel
1015 3149 1090 3213 deus
1112 3148 1293 3213 incarnatus

435 3253 486 3317 'lu
507 3277 550 3332 es,
575 3255 624 3318 vel
646 3254 681 3318 in
703 3253 865 3319 hominem
887 3254 999 3318 demon
1022 3252 1286 3330 transformatus3

377 3363 380 3369 ’
435 3356 542 3424 Scolas
565 3354 651 3424 meas
674 3381 775 3439 exeas,
799 3360 948 3444 qnoniam
971 3379 1095 3422 necesse
1169 3424 1172 3437 ,

435 3463 466 3528 A
488 3487 539 3529 me
561 3465 665 3530 doceri
689 3469 724 3529 tu
746 3488 811 3531 non
834 3465 942 3544 habea,
965 3486 1040 3528 nam
1061 3466 1098 3528 tu
1120 3464 1235 3529 videris
1259 3484 1323 3556 esse

358 3589 409 3626 που
436 3567 497 3634 Vel
517 3591 641 3655 magus,
665 3572 715 3648 vel
737 3569 892 3649 diabolus,
915 3569 966 3635 vel
988 3573 1080 3634 satan
1101 3570 1151 3633 vel
1174 3568 1340 3647 fantasma,

436 3673 497 3739 Vel
519 3676 619 3740 divini
642 3676 782 3740 numinis
805 3675 948 3760 spiritale
970 3676 1122 3760 plasma.‹

456 3993 509 4063 De
537 3990 720 4085 piscinula
748 4012 863 4083 quam
891 3990 980 4087 fecit
1006 4013 1098 4104 puer
1126 3991 1247 4064 Jesus.

436 4200 579 4277 Quadam
602 4199 652 4264 die
675 4221 747 4263 cum
769 4199 845 4265 Jesu
868 4201 958 4285 pueri
982 4204 1136 4267 venerunt

437 4305 488 4370 Ad
511 4310 661 4391 stagnum
684 4306 851 4390 quoddam,
876 4308 930 4371 ubi
954 4307 1058 4391 plures
1082 4307 1248 4391 pisciculos
1271 4303 1414 4369 viderunt.

437 4410 531 4476 Jesus
554 4411 616 4475 ait:
642 4410 796 4495 »Aliquos
818 4433 856 4475 ex
878 4411 948 4489 istis
971 4412 1131 4495 capiamus

359 4536 411 4573 2⁸0⁶
438 4516 592 4597 Piscibus,
616 4521 649 4581 et
670 4538 723 4581 eos
738 4511 873 4581 ¹domum
896 4517 1060 4581 nobiscum
1082 4517 1289 4582 deteramus«
1366 4551 1369 4556 -
