3000 5125
687 339 750 405 117

297 514 458 600 Suamque
479 514 640 581 miseriem
661 515 723 582 sibi
745 515 915 595 retulisset,

297 621 449 687 Miserius
471 620 521 685 sui
542 620 627 685 leoni
648 619 742 685 Jesus
763 619 942 703 imperavit,

215 745 273 784 sess
300 726 362 804 Qui
383 726 552 792 confestim
575 748 708 810 puerum
729 725 855 792 illesum
876 727 1060 812 reportarit,

297 832 382 897 Eum
404 836 478 897 ente
499 832 592 916 pedes
614 830 691 897 Jesu
713 831 871 896 collocans
894 830 1031 895 recessit.

298 938 416 1004 Vivum
438 959 531 1001 suum
554 935 657 1001 filium
678 941 770 1020 pater
791 941 828 1002 ut
850 936 983 1020 aspexit,

298 1042 348 1107 Ex
370 1042 469 1107 nimiu
491 1041 596 1108 letitie
617 1042 720 1106 cordis
742 1042 792 1107 sui
814 1040 921 1119 flebat,

299 1146 343 1212 Et
365 1147 506 1232 gaudens
528 1143 607 1210 Jesu
628 1145 783 1210 meximss
806 1148 914 1229 grates
932 1144 1108 1224 referebat,

215 1272 272 1312 seeo
296 1251 350 1318 'Ad
371 1255 490 1317 terram
512 1272 638 1336 quoque
659 1272 807 1316 corruens
830 1272 949 1335 pronus
971 1252 1057 1315 hunc
1079 1252 1199 1333 adoret,

298 1356 417 1422 Temen
440 1378 512 1421 eum
533 1378 598 1423 non
620 1377 822 1441 cognoscens,
846 1354 917 1439 quis
938 1352 1032 1420 Jesus
1055 1355 1098 1421 sit
1119 1357 1259 1442 ignorat.

351 1674 406 1746 De
434 1677 614 1748 venatore
641 1696 753 1768 quem
780 1672 931 1746 sonavit
958 1671 1078 1745 Jesus.

301 1881 444 1959 Quodam
466 1882 517 1950 die
539 1904 611 1947 cum
633 1880 727 1947 Jesus
748 1881 912 1947 heremum
934 1880 1095 1960 transiret,

299 1986 450 2075 Contigit,
474 1990 511 2051 ut
534 1987 663 2072 quidem
685 2009 758 2051 enm
779 1989 911 2051 venetor
933 1985 1099 2065 inveniret,

299 2092 329 2156 A
351 2096 496 2175 serpente
517 2093 574 2177 qui
594 2092 659 2158 fnit
679 2114 800 2157 veneno
822 2090 894 2157 fuso
916 2092 1009 2170 lesus,

216 2214 273 2253 ³³⁸⁶
298 2195 462 2282 Totusque
483 2201 653 2278 tumuerat,
675 2197 762 2262 hunc
783 2200 820 2261 ut
842 2196 922 2261 vidit
944 2193 1037 2261 Jesus
1166 2271 1167 2276 ἵ

299 2302 449 2368 Misertus
472 2302 521 2368 sui
543 2325 618 2368 mox
640 2303 765 2368 curavit
785 2302 891 2388 ipsum
913 2305 946 2380 et
967 2300 1059 2366 eiecit

299 2406 397 2475 Virus
419 2410 457 2476 de
479 2431 537 2475 suo
559 2430 698 2495 corpore,
721 2408 766 2474 sic
788 2430 861 2474 eum
881 2429 995 2473 senum
1016 2404 1101 2471 fecit.

256 2725 351 2801 Item
379 2724 424 2798 de
451 2725 524 2798 alio
551 2724 714 2818 quodam
742 2746 852 2818 quem
880 2723 1031 2798 sanavit
1055 2723 1178 2795 Jesus.

299 2932 435 2999 coluber
455 2933 631 2998 intraverat
651 2932 686 2996 in
709 2933 866 3017 quendem
888 2933 1096 2999 dormientem

301 3038 479 3118 Hominem,
502 3038 628 3103 incaute
650 3046 741 3103 suum
765 3043 911 3123 opertum
933 3061 970 3104 os
990 3039 1161 3104 habentem

220 3165 275 3203 seso
300 3143 360 3210 Ille
381 3144 477 3209 miser
498 3143 633 3209 nimium
655 3165 727 3208 cum
747 3143 783 3208 in
805 3166 838 3209 se
859 3147 1061 3229 torqueretur

301 3249 436 3329 Accidit,
457 3253 495 3314 ut
516 3253 699 3315 transeunte
721 3248 799 3314 Jesn
821 3249 989 3329 videretur,

302 3355 365 3435 Qui
386 3356 533 3420 misertus
555 3356 654 3440 ipsius
676 3355 763 3420 hunc
783 3355 893 3421 statim
914 3354 1072 3433 liberavit,

299 3458 331 3525 A
352 3463 496 3545 serpente
517 3463 622 3526 totum
643 3460 730 3525 virus
753 3461 808 3544 qui
829 3478 944 3544 spuens
967 3458 1134 3524 excressit.

139 3841 256 3928 Quod
284 3840 391 3934 signa
418 3861 489 3933 que
517 3837 607 3911 fecit
625 3836 649 3909 J
652 3860 736 3911 esus
763 3837 802 3909 in
831 3836 1081 3911 adolescentia
1108 3859 1176 3910 sua
1203 3837 1293 3909 sunt

616 3961 818 4035 occultate.

301 4195 369 4261 Hec
391 4192 497 4259 ethis
519 4192 637 4258 similis
657 4190 734 4257 fecit
756 4188 849 4256 Jesus
872 4191 982 4272 mults,

223 4321 275 4358 ssu
302 4298 418 4365 Adhuc
439 4299 577 4365 existens
600 4297 792 4377 adolescens,
814 4318 876 4381 qne
898 4300 973 4361 sunt
994 4296 1059 4362 heu
1081 4296 1214 4375 occulta,

216 4472 219 4475 ,
302 4404 384 4482 Quis
404 4427 469 4477 uon
492 4405 533 4470 ab
555 4404 663 4490 aliquo
684 4408 762 4470 sunt
782 4402 908 4505 scriptis
930 4403 1159 4483 commendate,
