3000 5125
787 417 830 481 50

314 608 367 647 1313
393 591 538 677 Benigne
559 589 690 676 Joseph,
714 592 755 656 ad
776 614 849 657 eum
870 592 977 658 dicens
999 592 1207 677 loquebatur:

394 696 535 782 ›Josepb
557 718 576 761 o
599 695 698 761 amice
721 697 782 776 dei,
805 701 842 761 tu
864 720 930 763 non
952 698 1151 763 conturberis

392 800 528 887 Propter
550 823 657 867 cesum
679 800 776 867 huius
798 802 886 881 lauti,
910 804 964 868 sed
986 803 1104 890 gaudio
1127 803 1244 882 leteris,

391 907 436 971 Et
457 906 595 972 Mariam
617 908 777 993 virginem
799 908 860 973 tibi
882 909 1067 993 desponsari

392 1011 494 1093 Sinas,
517 1014 605 1078 etin
628 1014 797 1101 coniugem
819 1014 902 1079 hanc
925 1015 985 1079 tibi
1008 1015 1139 1091 sociari3

314 1135 366 1174 aro
392 1116 478 1182 Nam
501 1120 674 1183 seeundum
697 1123 808 1184 votum
830 1124 922 1185 tuum
944 1118 1003 1185 hec
1025 1119 1221 1206 virginitatis

392 1222 540 1288 Amatrix
563 1228 612 1288 est
634 1224 809 1304 verissima,
831 1225 1002 1318 lumenque
1024 1224 1192 1305 castitatis,

391 1328 436 1393 Et
453 1330 548 1414 juxta
570 1330 762 1394 desiderium
783 1335 875 1396 tuum
898 1331 1024 1396 illibata

392 1434 496 1520 Virgo
518 1457 703 1519 permanere
725 1436 814 1520 cupit
836 1439 869 1500 et
890 1435 1130 1512 immaculata,

391 1539 452 1605 Per
474 1562 543 1604 eam
566 1540 767 1624 reparabitur
789 1564 925 1627 reguum
945 1540 1155 1621 Hebreorum,

316 1663 368 1701 1313
395 1644 456 1709 Per
477 1645 581 1728 ipsam
603 1644 798 1710 exaltabitur
820 1667 922 1731 genus
944 1643 1124 1726 Iudeorum,

393 1750 454 1815 Per
475 1750 628 1835 illamque
650 1751 828 1816 salvabitur
850 1751 986 1816 mundus
1008 1751 1197 1831 seculorum,

393 1853 454 1920 Per
476 1878 546 1921 eam
569 1856 800 1920 restaurabitur
821 1854 929 1939 lapsus
950 1855 1151 1941 angelorum3

396 1959 457 2025 Per
478 1962 581 2046 ipsam
604 1961 781 2027 elevabitur
804 1982 939 2047 regnum
961 1971 1180 2046 supernorum,

395 2064 566 2131 Perillam
589 2067 808 2131 devastabitur
830 2071 971 2151 potestas
993 2068 1201 2132 iufemorum.

318 2188 369 2225 1333
395 2171 483 2255 Ergo
506 2171 566 2235 tibi
588 2171 747 2257 virginem
769 2172 871 2256 ipsam
895 2172 1111 2256 desponsabis,

392 2275 437 2339 Et
459 2277 559 2341 veluti
582 2277 730 2363 coniugio
754 2276 815 2341 tibi
837 2277 982 2342 sociabis.

394 2380 514 2447 Tamen
538 2405 607 2448 eam
629 2383 846 2447 incontaotam
867 2404 992 2467 semper
1014 2383 1225 2463 conservabis,

393 2488 439 2552 Et
459 2488 581 2573 pudicis
605 2488 728 2553 actibus
751 2509 915 2572 nunquam
938 2489 1163 2573 attemptabis3

394 2592 432 2657 Iu
454 2595 696 2659 necessitatibus
718 2592 781 2657 sibi
803 2592 995 2676 providebis,

316 2717 368 2754 3333
394 2699 480 2765 Huic
502 2703 540 2764 ut
558 2703 614 2764 tue
635 2699 762 2764 domine
785 2698 916 2764 servitia
937 2699 1094 2783 prebebis.

239 3000 292 3075 De
335 3001 506 3074 oratione
540 2999 657 3073 Marie
698 3000 853 3095 virginis
895 3022 980 3073 oum
1017 3002 1216 3094 cogeretur
1248 3000 1273 3073 J
1276 3002 1392 3096 oseph

606 3124 739 3197 ducere
768 3126 808 3196 in
828 3145 1015 3219 sponsam.

396 3333 457 3400 Sed
480 3334 617 3399 Mariam
639 3333 798 3420 virginem
821 3355 894 3397 cum
916 3337 1069 3419 cogerent
1092 3330 1182 3398 Iudei

395 3439 434 3505 In
457 3463 618 3525 sponsum,
642 3445 679 3505 ut
700 3441 874 3524 susciperet
896 3438 1017 3525 Joseph
1039 3461 1165 3504 servum
1188 3440 1248 3520 dei,

397 3547 448 3611 Ad
470 3547 563 3612 deum
586 3570 678 3612 suurn
701 3546 857 3632 confugit,
880 3545 1019 3610 lacrimis
1041 3546 1172 3625 orando,

397 3652 571 3737 Cordisque
593 3651 738 3737 auspiciis
761 3652 866 3735 ipsum
888 3650 1075 3730 invocando,

317 3775 370 3812 1333
396 3757 530 3823 Dicens:
556 3756 603 3822 »0
626 3758 765 3823 celorum
788 3780 845 3822 rex
867 3760 900 3822 et
921 3757 1064 3822 cordium
1086 3757 1254 3841 inspector,

396 3863 445 3928 Ac
466 3865 657 3929 mundarum
680 3864 837 3928 mentium
859 3862 977 3927 zelator
1000 3867 1032 3928 et
1055 3862 1205 3942 dilector;

397 3969 447 4033 Tu
469 3971 539 4051 scis,
563 3971 639 4055 quia
660 3992 767 4035 meum
790 3991 843 4034 cor
865 3991 1028 4053 nunquam
1052 3969 1228 4053 inquinavi,

394 4073 462 4140 Nec
485 4098 612 4140 caruem
634 4097 754 4160 necque
776 4074 925 4158 spiritum
948 4097 1054 4140 meum
1076 4074 1249 4152 maculavi3

397 4176 528 4264 Semper
549 4202 653 4245 meam
675 4180 815 4244 animam
838 4180 989 4244 mundam
1011 4180 1204 4261 conservavi,
1235 4208 1238 4213 ·

805 4315 823 4354 a

314 4421 382 4477 1332
400 4422 424 4477 G
442 4421 612 4478 observabis.
702 4423 771 4479 1333
788 4423 861 4479 fehlt
878 4423 907 4478 in
926 4423 960 4478 G.
1048 4425 1116 4480 1337
1134 4424 1227 4478 virum
1245 4424 1320 4479 statt
1336 4440 1391 4478 ser-

240 4528 306 4565 vum
323 4509 355 4564 G.
