3000 5125
664 352 703 423 e1

269 531 416 600 Latronis
438 554 519 599 uxor
541 532 690 599 balneum
712 555 809 619 puero
832 532 967 618 paravit,

266 638 390 704 1111100
412 638 518 724 ipsum
540 661 598 703 sua
620 643 723 703 mater
745 638 849 703 Maria
871 639 1025 704 balnavit.

271 743 361 809 Tune
383 745 524 808 latrones
545 744 622 807 illue
644 764 718 807 casu
742 743 872 827 quidam
894 744 1100 823 advenerunt,

270 848 338 925 Qui·
354 871 413 935 pro
433 848 602 914 latrocinio
623 848 767 935 graviter
788 848 920 914 fuerunt

189 971 247 1008 2255
272 951 311 1018 In
333 954 399 1018 suis
422 954 608 1038 corporibus
631 957 773 1020 recenter
796 954 964 1033 vulnerati,

273 1055 304 1120 Α
326 1057 392 1122 01110
415 1057 603 1123 adversariis
626 1061 658 1124 et
680 1058 807 1143 longius
830 1058 944 1145 fugati.

270 1160 362 1229 Unus
385 1184 424 1227 011
445 1162 624 1228 latronibus
645 1163 757 1228 multis
780 1164 884 1249 plagis
906 1186 995 1229 oesus

270 1266 308 1331 In
332 1290 416 1353 aqua
438 1290 535 1353 quam
556 1268 662 1333 fuerat
686 1269 850 1333 balneatus
873 1268 967 1334 Jesus

271 1372 423 1439 Cruorem
444 1396 463 1438 a
486 1372 670 1437 vulneribus
693 1372 830 1438 fundens
852 1395 968 1457 aquam
991 1374 1080 1439 lavit.

189 1497 244 1535 2255
271 1477 447 1545 Sanitatem
470 1478 637 1543 vulnerum
659 1500 734 1543 mox
757 1479 962 1563 recuperavit.

271 1584 426 1652 Similiter
448 1591 525 1652 tuno
547 1586 603 1651 alii
624 1585 765 1651 latrones
789 1584 946 1649 vulnerati

272 1691 428 1758 Lavantes
452 1714 509 1757 sua
531 1692 664 1756 vulnera
685 1691 791 1756 cuncti
814 1694 890 1755 sunt
912 1689 1026 1754 saneti.

272 1796 395 1881 Hospes
417 1796 478 1861 hoo
500 1799 532 1862 et
554 1796 682 1879 hospita
703 1795 813 1859 mirati
835 1800 910 1860 sunt
932 1795 1083 1874 videntes,

275 1902 403 1985 Aquam
425 1901 508 1965 hano
530 1900 665 1966 sollicite
687 1900 742 1965 diu
765 1901 946 1967 retinentes.

192 2025 245 2062 2212
274 2005 335 2071 Ρο1
356 2005 508 2090 illamque
530 2004 658 2070 divitias
681 2005 798 2071 multas
821 2011 1016 2089 receperunt,

270 2110 357 2177 Nam
379 2115 507 2180 cunetas
530 2110 725 2196 egritudines
748 2132 820 2176 oum
843 2133 881 2176 ea
906 2115 1106 2176 curaverunt.

270 2215 391 2300 Joseph
412 2220 519 2281 autern
541 2238 674 2301 puerum
696 2238 823 2281 sumens
845 2221 877 2280 et
899 2215 1035 2281 Mariam

270 2322 367 2387 Suam
390 2345 486 2407 quam
508 2323 669 2407 inceperat
690 2322 851 2407 profectus
874 2326 923 2387 est
944 2344 1001 2406 per
1024 2322 1117 2386 viam.

270 2426 318 2492 De
341 2449 464 2492 recessu
486 2431 555 2491 tam
576 2426 694 2492 festino
716 2427 854 2491 multum
877 2426 1075 2502 tristabatur,
1139 2494 1143 2503 ‚

195 2550 247 2589 2215
275 2532 422 2617 Hospita,
445 2532 498 2598 sed
522 2532 636 2616 hospes
659 2553 729 2597 011111
754 2532 862 2598 dolens
885 2532 1085 2616 sequebatur,

271 2639 315 2703 Et
338 2638 422 2703 viam
444 2660 500 2723 per
523 2660 620 2723 quam
641 2640 811 2723 pergerent
836 2636 913 2722 ipsis
936 2636 1175 2711 demonstrarit,

271 2743 324 2808 Ad
346 2767 418 2810 eum
440 2745 525 2828 quod
548 2743 583 2807 in
607 2742 711 2807 reditu
734 2742 874 2808 redirent
901 2741 1054 2815 exoravit.

257 3060 359 3145 Quod
389 3060 504 3133 nubes
531 3059 696 3153 protexit
715 3081 787 3133 ,eos
815 3082 839 3130 a
866 3060 990 3132 oalore
1018 3059 1118 3131 00110.

272 3268 351 3333 Cum
373 3290 428 3353 per
452 3271 536 3333 viam
558 3272 728 3354 pergerent
751 3289 888 3353 magnus
910 3267 973 3331 fuit
994 3270 1092 3345 estus,

273 3374 317 3438 Et
339 3373 425 3438 oalor
447 3374 523 3438 solis
545 3375 680 3439 nimium
701 3375 763 3439 luit
786 3375 837 3440 his
859 3375 1004 3440 infestus.

193 3498 245 3535 2225
273 3476 333 3542 Sed
355 3475 459 3542 Maria
480 3501 613 3562 puerum
637 3479 777 3545 vestibus
799 3481 930 3567 tegebat

272 3581 322 3646 Ne
343 3604 400 3666 per
422 3582 520 3648 solem
542 3583 707 3662 lederetur,
731 3586 786 3649 sed
809 3607 845 3650 eo
867 3586 939 3669 plus
962 3586 1096 3651 calebat.

271 3687 388 3751 Divino
410 3691 491 3752 nutu
513 3689 620 3754 subito
642 3712 676 3754 00
698 3690 798 3755 nubes
820 3695 897 3756 tuno
918 3692 1062 3757 extendit

272 3790 372 3877 Super
394 3814 447 3856 eos
469 3798 502 3858 et
524 3816 543 3858 a
565 3794 631 3859 sole
652 3817 708 3878 per
731 3796 817 3860 viam
839 3795 898 3861 hos
920 3796 1071 3862 defendit.
1126 3877 1130 3883 ἡ

271 3895 382 3961 Nubes
404 3897 462 3962 heo
484 3899 632 3963 euntibus
655 3899 719 3965 illis
742 3901 940 3966 commeabat

193 4021 246 4057 2225
272 4001 468 4086 Illisquoque
490 4004 649 4068 stantibus
672 4027 768 4090 super
789 4027 842 4070 eos
865 4006 981 4072 stabat.

272 4104 414 4171 Horrens
437 4107 638 4192 intemperies
661 4110 765 4193 sepius
788 4111 926 4181 surrexit

273 4210 443 4276 Grandinis
465 4215 498 4276 et
519 4212 635 4296 pluvie,
658 4214 712 4278 sed
735 4236 788 4279 eos
810 4216 950 4299 protexit

272 4315 368 4394 Deus,
391 4337 444 4381 eos
466 4316 629 4384 molestari
652 4340 818 4403 nunquam
840 4321 896 4404 qui
917 4319 1047 4384 dimisit.

272 4418 372 4504 Super
395 4444 447 4487 eos
470 4422 557 4486 velut
580 4444 671 4488 010110
693 4427 865 4509 tempestas
889 4448 922 4490 se
945 4424 1062 4489 divisit.

158 4538 215 4583 vlu
229 4540 307 4585 nan
1038 4527 1054 4581 6
