3000 5125
694 385 757 459 109

240 587 292 624 ³1⁶⁰
320 566 455 654 Propter
473 563 709 655 longitudinem
732 569 891 634 modicum
913 571 1036 648 retorti,

318 671 404 737 Raro
426 674 555 759 compti,
578 696 741 759 nunqnam
764 674 859 753 tonsi,
883 678 991 739 tamen
1012 694 1078 737 non
1100 673 1236 766 distorti.

574 912 629 986 De
657 913 774 986 oculis
800 912 905 985 desu.

319 1095 398 1160 Eius
421 1101 513 1161 erant
535 1096 619 1162 oculi
641 1118 697 1161 ceu
720 1095 813 1161 stella
835 1096 1005 1175 radiantes,

319 1199 555 1288 Benignitatem
578 1201 676 1266 animi
698 1201 865 1285 cordisque
886 1202 1080 1266 nuntiantes.

318 1304 458 1372 Intuitns
480 1306 642 1371 mitissimi
664 1306 764 1371 dulcis
787 1310 819 1371 et
840 1306 982 1394 benigni,

240 1428 293 1465 ³¹⁶⁶
320 1410 441 1476 Hilaris
464 1416 496 1477 et
518 1412 635 1498 placidi
658 1412 768 1476 decore
789 1433 862 1476 cum
883 1412 1013 1498 insigni.

318 1514 392 1581 Non
415 1517 507 1602 parvi
530 1539 586 1582 nec
608 1516 717 1604 magni
740 1517 845 1595 nimis,
868 1518 922 1582 sed
944 1518 1082 1582 medium
1104 1520 1255 1595 tenentes,

318 1620 391 1686 Non
414 1622 572 1708 profunde
594 1623 701 1707 positi,
726 1623 780 1687 sed
802 1645 916 1707 parum
938 1622 1161 1707 prominentes.

319 1726 438 1814 Nigros
460 1729 523 1793 fuit
545 1728 708 1793 oculorum
729 1728 862 1792 interior
884 1726 1014 1813 pupilla,
1113 1805 1119 1820 ,

321 1830 519 1918 Saphyrinus
541 1834 677 1898 circulus
698 1855 762 1918 quo
785 1833 973 1919 cingebatur
993 1833 1059 1897 illa.

214 1971 217 1978 ·
241 1959 295 1994 ⁸1⁶0
321 1938 439 2003 Parum
460 1940 555 2019 latus,
579 1944 675 2024 atque
695 1939 802 2003 lucens
824 1939 910 2003 color
932 1942 970 2002 ut
992 1937 1155 2017 iacinctus,

322 2043 352 2109 A
374 2045 486 2111 ceteris
507 2044 666 2110 coloribus
688 2044 772 2109 oculi
795 2044 972 2109 distinctus.

320 2151 444 2215 Albedo
465 2150 530 2215 fuit
552 2150 715 2215 oculorum
737 2149 831 2213 lactei
852 2149 976 2226 coloris,

320 2254 415 2320 Omni
437 2277 546 2320 carens
569 2254 652 2319 carie
674 2253 846 2340 magnique
869 2253 1000 2317 decoris.
1058 2255 1063 2263 '

525 2493 589 2566 'De
615 2490 802 2588 palpebris
829 2490 933 2565 deso.

319 2677 473 2763 Palpebre
494 2676 649 2742 flexibiles
671 2698 705 2740 se
726 2674 819 2740 facile
841 2678 1014 2753 moventes,

240 2802 293 2839 ⁸¹⁶⁵
319 2782 439 2848 Tamen
461 2805 525 2847 non
546 2780 713 2846 instabiles
736 2804 769 2845 se
790 2779 871 2845 bene
894 2780 1125 2845 concludentes.

321 2889 382 2952 Pili
403 2911 528 2974 quoqne
550 2886 774 2972 palpebrarum
796 2906 860 2949 non
883 2885 972 2950 densi
994 2905 1051 2949 nec
1073 2884 1213 2963 convexi,

319 2993 432 3075 Mundi
453 2993 521 3059 sine
542 2994 621 3058 vitio
643 3015 757 3077 parum
779 2995 864 3067 retro
887 2991 972 3057 flexi.

585 3231 640 3304 De
667 3232 902 3326 superciliis

318 3415 423 3502 Nigra
444 3414 612 3500 supercilia
633 3414 710 3479 satis
733 3414 865 3493 elevata,

319 3521 363 3586 Et
385 3520 543 3586 efrontis
566 3519 693 3605 angulis
714 3541 841 3584 sursum
863 3517 1015 3583 derivata.

239 3647 293 3684 nno
318 3626 370 3691 Ad
391 3625 583 3710 modumque
605 3624 737 3711 gracilia
760 3647 862 3709 neque
885 3623 979 3687 nimis
1001 3623 1076 3705 lata,

320 3731 433 3817 Neque
454 3754 537 3812 rara,
560 3731 709 3797 brevibus
730 3729 805 3814 pilis
827 3729 1028 3794 condensata.

626 3970 681 4044 De
707 3970 865 4049 fronte·

320 4151 399 4218 beta
420 4152 508 4218 frons
530 4157 562 4218 et
584 4152 707 4233 hilaris,
729 4175 793 4218 non
816 4152 928 4218 stricta
948 4175 1013 4217 non
1035 4153 1129 4235 elata,

317 4257 394 4324 Non
417 4281 544 4345 rugosa,
567 4260 647 4325 bene
669 4261 775 4344 plana,
800 4281 864 4324 non
886 4258 1078 4324 valliculata.

726 4402 744 4440 a

232 4487 302 4544 3152
320 4485 345 4540 (t
363 4485 439 4540 sidus
457 4489 531 4542 statt
548 4487 639 4544 stella.
