3000 5125
769 368 834 433 264

287 649 392 735 Quod
420 647 633 745 Stephanus
658 651 919 745 protomartyr
947 651 1112 746 suscepit
1137 651 1306 724 Mariam.

385 858 606 944 Protomartyr
628 857 808 943 Stephanus
829 860 926 925 eliam
948 860 1086 945 suscepit

385 963 520 1029 Mariam
542 968 639 1049 atque
660 963 769 1029 laudes
791 964 820 1029 ei
843 963 1010 1030 decantare
1032 965 1125 1051 cepit,
1168 985 1172 992 ’

386 1069 516 1134 Dicens:
542 1069 732 1135 »Benedicta
754 1070 808 1150 sis,
830 1071 1021 1156 martyrium
1043 1071 1165 1156 regina,

386 1173 460 1239 Flos
483 1175 645 1260 virginum
666 1178 699 1239 et
721 1174 937 1240 confessorum
959 1176 1053 1241 stella
1075 1175 1251 1241 matutina!

307 1299 359 1336 που
385 1278 437 1344 'l'u
458 1280 674 1363 apostolorum
697 1279 784 1345 sidus
806 1303 838 1346 ss
861 1284 894 1345 et
915 1283 1112 1367 angelorum,

387 1384 431 1449 Et
453 1407 569 1450 corona
591 1385 692 1471 glorie
714 1390 900 1452 cunctorum
922 1388 1098 1468 beatorum,

387 1488 435 1554 'l'u
459 1513 491 1555 es
513 1492 642 1575 signum
665 1491 797 1556 visionis
819 1498 1002 1558 sanctorum
1024 1493 1253 1578 prophetarum

386 1593 494 1681 Atque
516 1600 553 1660 tu
575 1595 678 1682 ligura
700 1619 796 1662 verax
819 1620 852 1662 es
874 1598 1137 1683 patriarcharum.
1168 1653 1173 1660 .

388 1699 465 1766 Jesu
487 1702 537 1767 sui
558 1701 617 1766 filii
640 1704 730 1768 testis
753 1704 908 1787 passionis

312 1824 362 1861 mc
390 1804 516 1870 Primus
540 1829 627 1872 eram
649 1812 745 1893 atque
767 1830 824 1875 suo
846 1808 1093 1874 resurrectionis.

389 1910 523 1997 Propter
546 1935 617 1978 eum
640 1936 659 1980 a
681 1913 791 1980 Judeis
814 1914 863 1979 fui
884 1915 1054 2000 lapidatus,
1157 1986 1162 1993 ,

388 2017 477 2104 Ergo
499 2041 583 2083 nunc
606 2021 646 2084 ab
669 2021 738 2105 ipso
762 2043 832 2086 sum
854 2022 888 2085 in
911 2020 985 2086 celis
1008 2021 1208 2086 coronatus«

432 2124 483 2188 Sic
504 2124 640 2190 Mariam
662 2127 803 2191 universi
824 2128 926 2191 sancti
949 2127 1154 2209 susceperunt

388 2228 496 2314 Atque
518 2229 580 2294 sibi
602 2231 721 2317 singuli
743 2230 851 2296 laudes
874 2234 1093 2309 cantaverunt,

311 2353 362 2390 ⁷⁰10
389 2333 434 2398 Et
455 2335 495 2398 ad
516 2334 668 2401 thronum
690 2337 846 2401 trinitatis
869 2336 1039 2420 psallentes
1061 2333 1269 2410 deduxerunt,

390 2439 520 2524 Deoque
542 2439 652 2505 multis
674 2440 823 2506 laudibus
846 2441 928 2506 hanc
951 2439 1223 2526 presentaverunt.

472 2759 569 2832 Tota
595 2759 747 2832 trinitas
775 2761 940 2871 suscepit
967 2759 1138 2833 Mariam.
1244 2794 1248 2799 ·

390 2968 480 3034 Tunc
502 2994 521 3033 a
543 2970 660 3035 throno
682 2969 838 3035 trinitatis
861 2991 916 3034 rex
937 2970 996 3034 celi
1018 2966 1208 3053 procedebat

391 3071 428 3138 ln
452 3094 614 3138 occursum
638 3074 773 3159 virginis
795 3078 827 3139 ot
849 3074 932 3138 hano
954 3073 1155 3158 suscipiebat.

393 3178 487 3243 Pater
509 3182 604 3263 atque
625 3178 711 3243 filius
733 3179 904 3264 procedens
926 3179 967 3243 ab
990 3182 1134 3264 utroque,

313 3304 364 3341 2⁹1⁶
392 3284 529 3368 Spiritus
552 3284 724 3368 paraclitus
747 3306 767 3348 a
788 3289 878 3369 patre
899 3284 1037 3369 filioque,

392 3389 440 3455 Ac
462 3388 598 3454 Mariam
621 3395 826 3475 susceperunt
847 3391 881 3454 in
904 3391 989 3455 trina
1012 3391 1177 3475 majestate

392 3495 437 3561 Et
459 3517 527 3560 eam
549 3495 788 3561 honoraverunt
809 3517 880 3561 curn
903 3517 1026 3560 sumina
1049 3494 1215 3580 dignitate.

516 3898 519 3904 ⁸
558 3816 673 3889 Pater
700 3815 865 3909 suscepit
891 3814 1061 3887 Mariam.

394 4022 490 4090 Pater
511 4025 575 4089 sit:
602 4023 699 4104 »Ara
722 4046 793 4090 moa
814 4024 882 4089 filis
904 4023 1029 4104 dilecta,

392 4127 478 4194 Ante
500 4129 760 4194 constitutionem
784 4130 893 4194 mundi
916 4129 1089 4214 preelecta!

316 4252 367 4337 ulo
394 4233 454 4299 Per
476 4234 776 4318 predestinationem
798 4235 880 4321 elegi
902 4239 935 4300 te
956 4235 1097 4301 divinam

800 4358 817 4396 a

308 4461 375 4518 7897
396 4460 459 4534 fogo
478 4460 505 4512 M
524 4460 596 4516 nach
616 4458 736 4515 Mariam
757 4461 829 4516 noch
848 4462 987 4532 virginem
1006 4462 1061 4518 ein.
