3000 5125
759 432 801 498 16

360 610 482 677 Cuncta
503 630 603 695 regna
625 607 732 686 seculi,
756 605 858 671 celum
880 608 913 670 et
934 604 1106 685 infernum,

295 736 334 773 aro
359 716 404 779 Et
427 717 568 799 potestas
591 712 682 797 regni
705 709 755 774 sui
778 708 878 774 stabit
899 709 934 771 in
957 712 1111 773 atomum.

359 820 475 905 Igitur,
499 817 698 883 sanctissime
720 816 873 892 virorum,
896 815 1062 879 reverteris

360 925 399 991 ln
421 927 550 990 domum
572 927 672 1000 tuam,
694 925 732 984 ut
755 924 843 984 tuam
866 940 997 984 uxorem
1019 921 1200 986 consolaris.

213 1082 216 1089 .
243 1023 245 1029 ’
360 1029 452 1095 Hanc
475 1030 569 1108 enim,
592 1028 631 1092 de
653 1048 716 1111 qua
738 1025 806 1089 dixi
828 1024 898 1103 tibi,
922 1024 1078 1109 concipiet
1099 1025 1266 1106 infantem,

361 1135 462 1213 Quam
485 1134 524 1199 de
546 1133 620 1198 celis
645 1131 741 1196 faciet
764 1130 964 1214 omnipotens
987 1135 1207 1215 pregnantem.

296 1261 334 1299 aa
362 1240 457 1306 Anna
479 1261 563 1318 vero,
587 1237 673 1302 dorni
695 1258 826 1300 manens
848 1235 881 1299 in
904 1235 1113 1301 tribulatione

361 1346 479 1412 Luctus
501 1348 598 1428 atque
619 1343 758 1427 gemitus
780 1363 858 1405 cum·
874 1341 1101 1433 turbulatione,

311 1461 313 1466 ’
361 1452 409 1516 De
431 1450 587 1533 comparis
610 1448 755 1512 absentia
776 1445 931 1531 plangens
953 1448 1145 1512 tristabatur

363 1556 413 1621 Ex
436 1555 575 1620 adversis
598 1552 722 1617 casibus
745 1552 812 1639 suis
834 1552 1045 1629 turbabatur3

361 1660 497 1745 Ipsaque
518 1658 648 1723 cottidie
670 1659 764 1722 deum
786 1657 956 1736 invocavit,

297 1787 335 1824 aro
362 1765 442 1831 (lum
463 1762 602 1829 lacrimis
626 1766 657 1828 et
680 1762 808 1828 fletibus
831 1762 936 1846 ipsum
958 1762 1171 1847 imploravit,-

362 1871 409 1938 Ut
432 1894 500 1936 eam
524 1892 543 1934 a
565 1870 699 1934 tristitia
721 1892 780 1933 sua
800 1868 951 1933 liberaret

363 1978 470 2061 Atque
493 1998 565 2040 curn
588 1976 691 2041 letitia
713 1998 806 2039 suum
828 1978 990 2040 revocaret

363 2082 487 2160 Virum,
511 2103 605 2165 quem
627 2081 661 2143 in
685 2080 833 2144 maximis
856 2080 1018 2148 doloribus
1041 2087 1222 2146 manentem

364 2185 463 2252 Scivit
485 2190 517 2251 et
540 2186 689 2252 solatium
713 2186 838 2272 nullum
861 2186 925 2250 iam
948 2185 1129 2252 habentem.

298 2310 337 2347 επ
364 2292 409 2356 Et
432 2312 559 2375 egressa
581 2291 632 2355 die
654 2290 791 2374 quadam
814 2289 848 2352 in
871 2289 1002 2355 hortum
1025 2292 1065 2356 ad
1088 2293 1242 2357 orandum

363 2395 407 2460 Et
429 2396 522 2460 deum
545 2417 604 2479 pro
626 2395 763 2460 miseriis
785 2394 850 2459 suis
872 2395 1095 2476 invocandum,

363 2497 486 2565 Herbes
509 2502 606 2586 atqua
627 2500 774 2586 gramina
797 2502 836 2566 de
858 2504 944 2566 terra
966 2502 1125 2586 pullulare

364 2605 457 2671 Vidit
479 2611 511 2672 et
533 2630 566 2673 se
588 2608 755 2673 frondibus
779 2609 907 2673 arbores
931 2630 1054 2688 ornare,

364 2710 502 2775 Etcum
524 2712 635 2776 multis
658 2712 815 2777 fructibus
838 2712 932 2777 flores
954 2713 1135 2797 germinare

299 2834 337 2871 240
364 2815 409 2880 Et
431 2838 489 2899 pro
512 2815 608 2900 pullis
631 2816 711 2880 vidit
734 2838 808 2881 aves
830 2815 922 2881 nidos
944 2820 1153 2901 comportare,

365 2918 493 3005 Magnis
516 2941 588 2983 curn
610 2919 783 3003 gemitibus
806 2920 969 3004 suspirans
992 2921 1127 2988 elevavit
1177 3000 1180 3009 ¹

364 3020 402 3086 In
425 3022 526 3087 celum
548 3045 622 3088 suos
644 3023 762 3104 oculos,
784 3025 824 3089 ad
847 3027 940 3090 deum
963 3027 1152 3094 exclamavit

366 3126 499 3191 Dicens:
526 3127 571 3192 >0
595 3130 795 3213 omnipotens
818 3132 893 3196 deus
916 3135 948 3196 et
969 3136 1103 3213 creator,

366 3231 520 3298 Universa
543 3238 685 3299 creature
707 3235 765 3299 celi
789 3236 1002 3321 gubernator!

302 3356 340 3392 24⁶
367 3336 478 3403 Totius
502 3340 612 3404 mundi
634 3341 815 3405 machinam
836 3346 928 3425 pater
950 3346 984 3406 tu
1009 3345 1133 3424 creasti,

367 3440 469 3507 Certis
492 3445 550 3508 sub
574 3445 737 3511 ordinibus
760 3451 874 3511 cuncta
896 3447 1066 3531 deputasti,

366 3542 404 3611 In
428 3571 575 3614 mensura
596 3573 727 3616 numero
752 3552 801 3616 vel
824 3539 962 3637 pondere
986 3554 1107 3634 locasti,

269 3643 272 3647 ’
367 3652 474 3738 Atque
496 3656 638 3738 pulchris
661 3659 823 3742 speciebus
846 3680 883 3723 ea
905 3659 1079 3738 decorasti3

366 3756 513 3842 Namque
535 3759 594 3823 oeli
616 3760 854 3827 firmamentum
877 3767 913 3827 tu
936 3762 1127 3830 illuminasti

303 3879 342 3917 2⁶⁰
371 3860 549 3928 Innumeris
572 3865 727 3931 sideribus
750 3871 783 3932 et
804 3890 841 3932 ea
863 3871 1058 3949 numerasti;

238 4010 241 4021 ι
366 3968 411 4032 Et
432 3991 540 4053 aquas,
564 3993 625 4055 que
647 3994 741 4056 super
764 3974 846 4038 celos
869 3978 954 4053 sunt,
978 3978 1015 4039 tu
1038 3974 1182 4040 solidasti

368 4072 506 4138 Etcum
529 4076 573 4140 eis
596 4077 734 4142 siderum
758 4079 896 4144 calorem
917 4078 1125 4165 temperasti3

367 4176 406 4242 ln
429 4179 537 4267 ethere
559 4183 704 4265 planetas
726 4187 763 4247 tu
786 4187 907 4268 septem
929 4186 1081 4266 statuisti,

369 4279 431 4357 Qui
453 4283 646 4350 firmamenti
669 4290 800 4352 teneant
821 4288 976 4373 impetum
998 4290 1128 4355 iussisti.

780 4396 795 4430 ¹&

299 4454 349 4507 247
369 4454 443 4510 fehlt
461 4456 506 4511 bei
524 4457 552 4510 Ζ.
589 4512 592 4517 ,
624 4459 714 4515 0250
732 4459 929 4516 Innumeribus
947 4462 1053 4519 sideris.
1131 4463 1361 4521 octabianus

212 4539 267 4595 mit
286 4541 336 4596 257
356 4542 459 4599 fehlan.
