3000 5125
780 358 843 426 176

397 534 445 602 Ve
466 537 557 616 mihi,
579 535 673 602 modo
695 534 821 621 gladius
843 533 1002 618 quondum
1025 532 1244 618 prophetatus,

392 642 509 707 Dilecii
531 642 588 723 fili,
610 663 682 706 curn
704 640 795 705 fuisti
817 638 937 725 templo
959 641 1169 723 presentatus,

390 745 459 812 Hoc
482 747 520 813 de
542 752 599 813 lus
619 746 765 831 passione
787 767 842 811 cor
864 767 970 811 meum
991 766 1076 810 nunc
1099 742 1274 823 transfixit,
1357 747 1360 754 '

390 851 479 918 Sicut
501 853 581 918 mihi
603 875 698 919 senex
719 852 776 917 ille
798 849 926 917 Simeon
949 850 1098 934 predixit.

314 976 366 1014 ⁵¹⁹0
391 957 455 1023 Fili
478 959 532 1039 mi,
556 980 575 1024 o
596 958 644 1023 fili
665 958 720 1039 mi,
743 957 792 1022 fili
812 956 868 1038 mi,
891 979 910 1023 o
932 956 998 1022 filil

390 1062 453 1129 Pro
475 1067 508 1131 ie
529 1064 611 1131 mori
633 1064 675 1130 do
699 1064 789 1144 mihi,
812 1062 863 1129 vel
885 1066 991 1129 tecum
1013 1062 1105 1143 mori,
1127 1061 1194 1127 fili!

391 1168 418 1234 Ο
440 1168 488 1234 fili
511 1169 767 1251 midulcissime,
790 1173 827 1235 iu
850 1172 940 1234 luam
961 1168 1119 1235 infelicem

292 1276 295 1281 ’
393 1273 556 1351 Quomodo
579 1297 664 1341 nunc
687 1276 824 1341 moriens
847 1274 1001 1360 relinquis
1023 1273 1235 1361 genitricem?

391 1379 455 1445 Gur
477 1404 536 1462 me,
559 1382 620 1466 pie,
643 1382 770 1459 deseris,
794 1381 838 1446 mi
859 1381 917 1461 fili,
940 1381 986 1446 sie
1007 1379 1172 1457 efflictum,

312 1504 365 1542 ⁵10⁵
391 1484 504 1552 'soniis
525 1487 559 1551 in
582 1487 747 1554 doloribus
771 1510 820 1553 me
843 1488 935 1554 modo
958 1486 1164 1553 derelictum?

391 1591 440 1658 Ve
462 1593 551 1672 mihi,
574 1617 622 1675 ve,
645 1594 760 1659 solatio
782 1616 867 1659 nunc
889 1592 977 1659 omni
1000 1591 1175 1671 desolabor,

391 1696 422 1762 A
445 1701 477 1762 te
498 1719 583 1778 nom,
606 1697 719 1764 dilecte
740 1699 786 1763 mi
807 1695 864 1778 fili,
887 1697 1067 1782 separabor.

390 1803 501 1869 Dulcis
524 1804 603 1869 mihi
625 1826 759 1888 sponsus
782 1827 861 1884 eres,
884 1808 921 1869 iu
941 1802 1038 1883 filius,
1061 1805 1097 1867 iu
1120 1804 1221 1885 peter,

394 1907 444 1974 Tu
463 1910 619 1990 dominus,
641 1912 678 1974 iu
700 1909 837 1991 baiulus,
860 1913 897 1975 iu
919 1908 1032 1989 socius,
1055 1911 1092 1973 iu
1114 1906 1233 1983 froben
1268 1955 1272 1964 .

315 2035 366 2073 mco
394 2016 476 2081 Erus
498 2015 583 2081 euim
604 2014 716 2081 unicus
738 2013 835 2082 unice'
851 2020 887 2082 iu
909 2014 1022 2080 matris

391 2121 505 2205 Sponsi
527 2143 634 2186 curam
657 2120 742 2186 filius
760 2104 878 2205 'gerens
901 2126 996 2207 sique
1018 2120 1129 2205 patris.

392 2225 487 2291 Nunc
510 2226 551 2291 ab
574 2226 749 2312 unigenito,
773 2249 811 2292 ve
833 2227 923 2308 mihi,
946 2225 1109 2306 viduabor,

391 2332 422 2398 A
444 2333 608 2418 patrisque
630 2333 755 2414 solatio,
779 2355 825 2412 ve,
848 2355 896 2413 ve,
918 2354 1003 2398 nunc
1025 2330 1171 2409 orbabor,

392 2439 422 2502 A
445 2438 499 2522 pio
521 2442 612 2522 petre
634 2461 774 2523 separor,
798 2462 817 2504 a
839 2439 906 2504 filio
929 2439 1061 2518 desolor,

315 2562 366 2601 ⁶20⁶
393 2545 423 2609 A
447 2542 530 2609 dulci
552 2565 669 2629 sponso
691 2543 813 2626 viduor,
837 2567 874 2611 ve
896 2544 986 2625 mihi,
1010 2546 1148 2630 quenius
1171 2540 1278 2607 dolori

395 2647 458 2713 Fili
481 2649 535 2729 mi,
558 2648 646 2715 ofili
669 2649 723 2729 mi,
747 2648 871 2731 filimi,
895 2649 1004 2715 ofili!

392 2753 455 2819 Pro
478 2759 510 2820 ie
532 2754 613 2821 mori
637 2756 677 2819 ds
699 2754 789 2835 mihi,
813 2754 864 2819 vel
885 2759 990 2821 tecum
1012 2753 1104 2833 mori,
1127 2751 1193 2817 fili!

388 2859 470 2939 Heu,
493 2883 543 2925 me
564 2860 714 2925 solatium
736 2882 820 2925 nuno
842 2860 967 2926 nullum
990 2858 1071 2924 mihi
1092 2861 1200 2938 restet,
1316 2877 1321 2889 ·

392 2964 540 3049 Amplius
563 2966 717 3031 auxilium
739 2987 832 3031 nemo
855 2965 935 3030 mihi
956 2968 1094 3050 presiai3

311 3090 363 3127 ⁶21⁰
390 3069 459 3146 Quo
482 3077 687 3152 mererium,
710 3072 761 3137 vel
782 3072 859 3156 quid
881 3092 940 3157 ego
962 3070 1087 3150 fecium,
1109 3069 1242 3154 ignor03

391 3174 480 3260 Ergo
502 3180 535 3241 ie
557 3176 736 3243 dulcissime
758 3177 805 3242 fili
828 3174 912 3242 nunc
934 3198 1039 3256 exoro,

392 3279 439 3346 Ui
461 3281 523 3346 mei
545 3304 630 3348 nuno
651 3283 840 3349 mestissime
862 3287 899 3348 iu
921 3282 1109 3362 miserearis,

392 3384 423 3450 A
444 3391 477 3452 te
499 3387 642 3454 relietum
664 3389 771 3455 vivere
793 3412 844 3455 me
865 3411 929 3455 non
951 3389 1094 3474 paliuris.

391 3490 465 3556 Non
488 3492 540 3573 sis,
565 3495 789 3575 amentissime,
812 3494 892 3559 mihi
913 3515 998 3560 nunc
1019 3491 1164 3571 crudelis,

181 3603 183 3605 ’
259 3678 262 3685 ἡ
315 3613 367 3652 ms
394 3595 456 3672 Qui
478 3621 601 3684 semper
623 3600 701 3665 mihi
723 3602 812 3666 milis
835 3623 913 3680 eres,
937 3600 1009 3684 pius
1031 3603 1064 3666 et
1086 3595 1197 3662 fidelis.

391 3700 455 3767 Fili
476 3705 530 3785 mi,
553 3728 572 3772 o
594 3705 641 3770 fili
663 3707 717 3785 mi,
740 3706 787 3771 fili
809 3707 864 3787 mi,
887 3729 906 3771 o
928 3706 994 3770 fili!

392 3808 455 3873 Pro
477 3814 509 3875 le
531 3812 611 3877 mori
634 3812 674 3877 de
695 3812 786 3893 mihi,
809 3812 861 3878 vel
883 3816 987 3878 iocum
1010 3810 1102 3890 mori,
1124 3807 1189 3872 fili!

390 3912 449 3995 Ve,
473 3938 518 3994 ve,
543 3938 695 4003 magnum
717 3918 871 4004 goudium
894 3919 978 4004 quod
1000 3915 1080 3982 mihi
1101 3908 1277 3988 contulisti,

391 4018 439 4084 De
461 4042 532 4086 meo
554 4026 648 4087 natus
670 4027 762 4088 utero
784 4023 899 4089 dilecis
921 4046 993 4088 cum
1015 4021 1117 4100 fuisti,

312 4143 365 4181 ⁶²2⁰
391 4123 471 4190 Cum
493 4128 679 4213 angelorum
702 4130 848 4195 centibus
872 4133 904 4196 ei
925 4128 1123 4206 iubilatione,

391 4229 499 4316 Atque
521 4233 595 4297 novi
616 4232 728 4299 sideris
750 4235 977 4301 coruscatione.

798 4359 817 4398 ἢ

306 4455 375 4515 suos
393 4454 417 4514 s
435 4457 493 4513 uns
511 4458 530 4514 z
548 4461 600 4535 oy.
