3000 5125
785 411 849 475 228

400 586 462 663 Qui
484 587 545 651 sibi
567 585 631 650 fuit
653 586 765 651 unicus
789 589 884 670 atque
907 607 963 670 per
984 584 1071 648 illius

401 691 647 758 sustentabatur
669 691 728 755 lilii
750 691 890 775 genitrix
913 690 1073 768 laborem,

399 795 492 863 Unde
514 798 576 862 sibi
596 797 714 862 fecerat
736 817 822 859 mors
844 794 1002 878 duplicem
1025 793 1183 872 dolorem;

399 900 485 966 Nam
508 903 611 966 filium
634 900 814 986 perdiderat
836 900 925 984 pium
948 902 980 964 et
1001 898 1161 978 dilectum,

323 1023 375 1061 7777
401 1006 474 1072 Pati
496 1030 620 1093 quoque
641 1006 815 1092 cogebatur
838 1006 939 1070 victus
962 1006 1026 1069 iam
1049 1001 1216 1069 defectum.

399 1111 539 1200 Rogavit
561 1135 637 1200 ergo
660 1112 806 1191 Mariam,
830 1115 866 1190 ut
888 1112 1090 1176 misereretur

398 1219 477 1283 Eius
501 1223 596 1304 atque
618 1218 771 1283 suscitare
793 1239 885 1281 suum
907 1217 1094 1302 dignaretur

398 1322 526 1389 Filium.
571 1321 704 1386 Miserta
726 1320 776 1385 sui
798 1319 902 1384 Maria
925 1320 1118 1399 lacrimatur,

398 1426 443 1492 lde
465 1427 569 1492 verbis
592 1425 829 1512 benignissimis
851 1426 954 1509 ipsam
976 1424 1168 1503 consolatur,

320 1551 372 1588 7777
397 1531 445 1597 Ut
466 1531 577 1598 Jesum
599 1555 692 1596 suum
714 1530 817 1594 filiurn
838 1531 973 1611 invocet,
997 1530 1164 1607 hortatur3

397 1635 516 1703 Orante
538 1659 663 1722 quoque
685 1635 789 1700 Maria
812 1625 979 1701 defunctus
1002 1635 1183 1700 suscitatur.

347 1952 450 2037 Quod
471 1952 593 2025 Maria
620 1953 820 2027 suscitavit
846 1952 1028 2047 virginem
1057 1949 1284 2023 defunctam.

400 2160 535 2237 Quidam
558 2184 596 2225 cx
617 2160 763 2225 fidelibus
787 2158 898 2224 Simon
920 2159 1108 2243 appellatae,

400 2265 584 2350 Discipulos
607 2263 833 2350 apostolorum,
857 2265 897 2328 ab
919 2263 1032 2348 hisque
1056 2262 1245 2346 baptizatus,

395 2369 570 2455 Innuptam
592 2371 694 2436 adhuc
716 2370 874 2455 virginem
895 2369 996 2433 filiam
1017 2367 1157 2434 babebat

319 2493 371 2531 7777
397 2473 543 2560 Unicam,
567 2497 628 2560 que
651 2475 758 2539 subita
779 2478 882 2538 morte
904 2473 1081 2538 decedebat.

396 2580 534 2648 Mortem
556 2603 633 2667 ergo
656 2582 721 2645 filie
744 2581 888 2645 dolorosa
911 2580 1040 2665 plorans

395 2683 492 2750 Pater
514 2686 614 2751 currit
636 2688 676 2750 ad
699 2686 845 2766 Mariam,
869 2685 952 2749 hanc
974 2660 1258 2749 fletibns⁸exorans

396 2789 443 2856 Ut
465 2789 542 2855 Jesu
565 2791 684 2855 Christi
706 2790 765 2853 filii
788 2792 836 2854 sui
858 2790 1039 2855 manifestet

392 2893 502 2960 Fidem
524 2900 619 2980 atque
641 2895 706 2959 filie
728 2917 783 2960 sue
805 2894 905 2959 vitam
927 2897 1056 2978 prestet.
1165 2970 1168 2977 ¹

318 3017 369 3055 arao
395 2998 499 3080 Maria
521 3000 582 3064 sibi
604 3001 773 3065 condolens
796 2999 862 3064 eius
884 2999 1046 3063 invocavit

395 3102 515 3170 Filium
536 3109 569 3171 et
591 3106 748 3191 virginem
772 3105 811 3169 ad
834 3105 933 3168 vitam
956 3103 1123 3169 revocavit.

396 3209 434 3274 Iu
457 3211 558 3276 Mario
580 3213 672 3296 virgo
694 3212 753 3276 hec
775 3212 934 3275 consortio
957 3210 1119 3288 remansit,

397 3315 506 3380 Donec
527 3316 597 3399 ipsa
619 3316 670 3380 dei
690 3320 794 3381 mater
816 3317 857 3381 ab
880 3315 940 3380 hac
961 3316 1028 3380 vita
1050 3314 1176 3379 transit.

242 3634 346 3719 Quod
359 3634 480 3707 Maria
501 3628 701 3708 suscitavit
726 3633 921 3709 mulierem
949 3637 988 3709 in
1015 3639 1129 3733 partu
1157 3635 1387 3710 defunctam.

394 3842 543 3917 Matrona
564 3845 699 3928 quedam
722 3843 914 3924 Christiana,
938 3839 1053 3910 Judith
1076 3847 1245 3932 appellata,

315 3967 366 4004 7777
392 3948 503 4014 Nimio
525 3949 633 4014 dolore
655 3953 767 4034 partus
789 3954 837 4015 est
859 3951 1048 4016 exanimata.

392 4053 477 4118 Nam
499 4054 642 4138 geminos
665 4077 736 4118 cum
760 4055 843 4123 filios
866 4057 961 4122 simul
983 4057 1167 4142 parturiret,

393 4157 546 4244 Contigit,
569 4163 606 4223 ut
627 4159 765 4225 moriens
789 4160 888 4225 vitam
910 4161 968 4225 hec
991 4161 1106 4226 finiret.

391 4262 526 4328 Mariam
549 4285 635 4348 ergo,
659 4262 737 4328 Jesu
760 4267 902 4345 matrem,
925 4265 1074 4331 invocant
1097 4269 1253 4351 parentes,

392 4370 437 4435 Et
460 4370 551 4435 amici
574 4371 624 4434 sui
647 4371 742 4435 nimis
767 4372 908 4437 dolentes
932 4377 1028 4457 atque
1050 4372 1172 4451 flentes

314 4494 365 4534 7777
392 4473 439 4541 Ut
461 4477 562 4561 ipsam
585 4477 649 4542 suis
671 4478 794 4542 meritis
817 4479 966 4564 dignetur
988 4479 1149 4560 suscitare,
