3000 5125
664 382 706 450 83

186 580 237 617 2³10
263 559 312 625 De
334 558 409 624 celis
432 578 491 643 ego
513 558 628 622 missus
651 581 721 622 sum
745 558 785 622 ad
808 561 840 623 te
863 556 1099 636 consolandum,

265 667 430 749 Tuamque
452 662 607 727 familiam
631 662 747 727 lassam
770 651 1034 739 confortandum

264 769 398 853 Propter
420 766 529 832 Jesum
553 788 686 851 puerum
709 771 741 831 et
764 766 920 852 virginem
945 766 1081 833 Mariam

263 873 337 939 Tibi
360 872 431 937 vult
453 871 638 936 abbreviare
661 871 736 936 deus
760 875 849 936 tuam
872 871 968 938 viam.

264 978 315 1043 Ad
337 977 401 1043 huc
422 976 498 1061 quia
520 976 580 1041 tibi
603 980 725 1041 restant
747 977 863 1063 viginti
885 980 950 1042 tres
973 977 1065 1054 diets,

186 1101 240 1139 2³1⁵
266 1081 352 1159 Quas
375 1065 526 1145 transibis
549 1079 618 1145 sola
639 1080 689 1144 die
711 1080 850 1145 crastina
872 1083 987 1165 quiete.

266 1186 355 1251 Tunc
377 1190 412 1250 tu
435 1191 554 1251 terram
576 1186 615 1251 ad
639 1208 734 1270 quam
758 1187 872 1251 missus
895 1209 928 1252 es
950 1188 1147 1273 ingredieris,

264 1291 467 1358 Ibimanens
490 1290 589 1358 donec
610 1290 684 1356 inde
706 1314 762 1376 per
785 1314 836 1357 me
858 1294 1041 1358 revoceris«

265 1396 386 1481 Joseph
409 1400 514 1462 autem
538 1397 738 1481 angelicum
762 1397 894 1462 verbum
916 1397 976 1462 hoc
999 1398 1129 1474 audivit,

266 1502 345 1567 Cum
367 1502 522 1566 immenso
544 1501 661 1588 gaudio
684 1523 740 1585 per
764 1502 848 1566 viam
871 1524 959 1567 suam
982 1502 1050 1568 ivit

186 1628 239 1665 2³2⁰
266 1610 311 1674 Et
332 1608 432 1673 dietas
453 1606 521 1672 solo
543 1607 594 1672 die
616 1606 732 1692 viginti
756 1611 821 1672 tres
844 1607 1003 1686 transivit,

269 1713 316 1779 Ut
338 1713 471 1799 angelus
494 1713 674 1796 predixerat
695 1712 861 1798 Egyptum
883 1713 1038 1778 introivit.

292 2029 346 2102 De
374 2028 505 2101 arbore
533 2030 676 2122 persico
703 2050 776 2122 que
803 2030 999 2102 inclinavit
1027 2054 1075 2104 se.

267 2237 328 2304 Sed
351 2239 391 2302 ad
413 2239 572 2323 quandam
596 2238 759 2302 civitatem
781 2236 903 2323 Egypti
926 2260 999 2303 cum
1022 2239 1191 2317 venissent,

266 2343 467 2427 Hermopolis
490 2365 552 2429 que
573 2342 698 2420 dicitur,
721 2346 817 2426 atque
839 2343 1072 2420 transivissent

265 2447 367 2533 Prope
389 2448 548 2532 quandam
571 2447 715 2512 arborem
738 2469 801 2532 qus
823 2450 872 2512 est
893 2448 1052 2532 appellata

185 2575 237 2614 asar
266 2553 408 2620 Persicus
430 2558 461 2619 et
483 2553 588 2618 fuerat
610 2552 731 2618 cunctis
755 2553 898 2618 dedicata

264 2658 459 2725 Demonibus
482 2658 523 2723 ab
545 2658 656 2724 incolis
678 2658 766 2723 illius
788 2657 938 2744 regionis,

264 2766 309 2830 Et
330 2769 400 2831 erat
421 2765 465 2829 eis
486 2763 623 2829 maxime
647 2764 868 2843 venerationis,

264 2869 316 2935 Ad
339 2870 421 2934 hanc
443 2874 550 2934 autem
571 2869 717 2934 arborem
739 2868 833 2934 Jesus
855 2890 926 2934 cum
949 2870 1080 2950 veniret,

263 2974 432 3059 Ipsamqne
454 2997 526 3039 cum
548 2975 700 3039 comitatu
724 2996 782 3039 suo
805 2975 1023 3058 pertransiret,
1091 3052 1096 3063 .

187 3101 238 3137 asso
266 3080 372 3143 Arbor
393 3079 451 3144 hec
473 3079 514 3143 ab
536 3078 602 3143 alto
625 3100 698 3143 suos
720 3100 826 3143 ramos
847 3078 1023 3155 inclinavit,

265 3183 494 3249 Transeuntem
517 3186 690 3247 creatorem
712 3204 806 3246 suum
828 3182 981 3249 adoravit.

264 3289 342 3354 Cum
365 3288 461 3353 ramis
483 3288 548 3352 suis
571 3288 668 3352 arbor
689 3288 748 3353 hec
770 3288 810 3351 ad
832 3291 951 3358 terram
972 3287 1158 3351 incurvatur

266 3392 374 3478 Atque
395 3391 506 3458 Jesum
528 3397 745 3458 transeuntem
765 3415 866 3477 prona
888 3396 1065 3457 veneratur.

266 3499 428 3563 Virtutem
450 3503 574 3563 mutam
597 3498 691 3563 arbor
713 3499 772 3562 hec
794 3498 835 3561 ab
857 3497 914 3562 illo
935 3519 1010 3561 mox
1032 3496 1185 3578 concepit,

187 3623 237 3660 233ΙΙ
266 3604 421 3688 Tempore
443 3603 527 3688 quod
550 3603 696 3668 omnibus
719 3625 786 3668 esse
804 3603 873 3687 jam
895 3602 1014 3686 incepit

265 3708 386 3779 Morbis
408 3708 583 3789 salutifera,
605 3708 727 3772 cunctis
750 3729 876 3793 quoque
898 3707 1002 3785 malis,

265 3813 314 3878 Ac
335 3813 577 3878 infirmitatibus
599 3817 676 3877 tunc
698 3812 905 3904 medicinalis,

266 3918 371 3983 Arbor
393 3918 451 3983 hec
474 3939 535 4001 que
557 3918 645 4001 prius
668 3921 737 3982 erat
759 3917 980 4001 superstitiosa

266 4023 313 4088 De
336 4025 504 4089 demonum
527 4023 662 4087 oraculis
685 4027 717 4087 et
740 4023 933 4108 prestigiosa

186 4147 238 4183 2³⁴0
266 4129 315 4193 Ex
337 4127 413 4219 Jcsu
437 4128 557 4193 Christi
579 4129 718 4193 transitu
740 4149 825 4193 nunc
848 4127 1074 4206 sanctificatur,

265 4234 307 4298 ut
330 4235 455 4325 cultura
477 4234 645 4299 demonum
668 4235 708 4299 ab
732 4234 793 4299 hac
815 4233 1019 4308 eliminatum

264 4337 348 4403 Nam
363 4338 485 4403 fructus
500 4339 566 4405 eius
583 4343 678 4423 atque
700 4339 838 4418 frondes,
861 4341 978 4416 cortex,
1001 4338 1140 4423 lignum,
1165 4337 1259 4401 flores

265 4442 355 4509 Facti
378 4448 462 4537 suut
476 4445 647 4531 remedium
671 4449 800 4510 cunctos
823 4444 862 4509 ad
887 4444 1020 4508 dolores.

1008 4547 1025 4607 6
1038 4545 1052 4577 *
