3000 5125
704 331 768 394 275

127 539 129 543 ⁴
160 505 238 572 Quod
258 505 332 558 filius
350 501 500 573 suscipitur
519 504 636 573 epatre
654 505 683 558 et
701 504 805 574 spiritu
822 506 919 559 sancto
937 505 996 559 217.

160 593 238 658 Quod
256 592 331 646 lilius
349 590 463 659 rogavit
481 590 613 661 spiritum
632 595 760 647 sanctum
779 593 858 647 mitti
876 592 906 647 in
925 594 1061 648 mundum
1080 595 1140 649 218.

160 681 200 735 De
220 680 346 735 adventu
365 679 481 749 spiritus
500 679 591 733 sancti
610 680 668 733 218.

160 768 201 823 De
220 769 298 823 statu
317 767 375 821 vite
395 765 514 835 virginis
534 766 623 821 Marie
640 770 704 837 post
723 767 911 824 ascensionem
930 768 981 822 lilii
1000 768 1043 821 sui
1055 770 1122 823 219.

161 856 202 910 De
219 854 382 924 eloquentia
400 853 519 922 virginis
540 853 626 908 Marie
645 856 704 909 219.

46 967 50 972 ·
161 943 240 1008 Quod
258 942 354 1013 angeli
372 942 535 1012 frequenter
553 942 711 998 visitabant
729 943 849 998 Mariam
867 945 926 998 220.

161 1033 201 1085 De
220 1030 325 1085 vestitu
344 1029 463 1099 virginis
482 1029 570 1084 Maris
587 1031 648 1084 220,

161 1120 202 1174 00
220 1118 341 1173 caritate
358 1122 388 1173 et
405 1118 535 1174 bonitate
552 1119 671 1188 virginis
690 1119 778 1174 Marie
797 1122 857 1175 221.

162 1208 218 1262 Ubi
236 1207 329 1261 Maria
349 1205 428 1275 virgo
447 1206 582 1260 manserit
599 1209 664 1276 post
683 1205 872 1263 ascensionem
891 1209 942 1263 filii
960 1210 1005 1264 sui
1023 1211 1082 1264 221.

144 1295 241 1362 ‚Quod
261 1293 351 1348 Maria
370 1293 451 1362 virgo
469 1292 546 1347 misit
558 1294 716 1349 Johannem
734 1295 940 1364 evangelistam
959 1297 996 1351 ad
1015 1296 1215 1367 predicandum
1235 1299 1295 1352 222.

164 1472 242 1538 Quod
260 1471 400 1527 Johannes
418 1469 561 1540 proiectus
580 1473 623 1524 est
641 1469 679 1524 ad
697 1469 899 1539 predicandum
917 1471 976 1525 223.

164 1560 274 1628 Regula
285 1560 368 1613 beate
380 1557 498 1628 virginis
513 1559 664 1613 secundum
675 1574 761 1626 quam
773 1557 845 1610 vixit
857 1560 920 1627 post
933 1559 1120 1614 ascensionem
1130 1559 1181 1612 filii
1190 1558 1233 1612 sui
1246 1559 1307 1613 223.

165 1648 205 1702 De
223 1646 310 1716 signis
329 1663 382 1716 que
400 1646 508 1701 fiebant
526 1662 576 1716 per
594 1644 713 1699 Mariam
732 1643 799 1697 dum
818 1643 910 1698 adhuc
928 1644 1035 1700 viveret
1053 1646 1113 1700 227.

163 1735 242 1800 Quod
261 1735 351 1788 Meris
370 1733 519 1788 suscitavit
536 1732 627 1787 filium
645 1732 727 1788 vidue
746 1734 806 1789 227.

162 1823 241 1889 Quod
261 1822 353 1898 Maria
371 1822 518 1877 suscitavit
537 1820 676 1891 virginem
695 1822 858 1878 defunctam
876 1823 936 1877 228.

164 1910 243 1978 Quod
261 1910 351 1965 Maria
370 1908 519 1964 suscitavit
537 1910 682 1964 mulierem
700 1909 730 1963 in
748 1911 835 1979 partu
854 1910 1015 1964 defunctam
1033 1910 1094 1964 228.

164 1998 241 2063 0000
262 1997 351 2051 Maria
369 1998 493 2052 diversas
510 1998 692 2053 infirmitates
711 1997 821 2052 curavit
839 1998 898 2051 229.

165 2085 243 2152 Quod
261 2102 310 2155 per
328 2087 472 2140 natusest
490 2086 525 2141 de
543 2089 655 2141 mortua
673 2087 764 2140 matre
781 2101 832 2155 per
850 2084 951 2139 merita
969 2085 1057 2139 Maris
1075 2085 1192 2154 virginis
1212 2086 1271 2141 230.

167 2172 245 2239 Quod
264 2173 307 2229 leo
324 2174 483 2243 reportavit
501 2174 589 2228 filium
607 2175 777 2244 paupercule
793 2172 918 2226 mulieris
937 2173 995 2228 230.

164 2260 244 2326 Quod
261 2259 352 2314 Maria
371 2259 504 2315 liberavit
523 2263 579 2315 tres
596 2260 710 2315 iuvenes
728 2261 788 2315 231.

164 2348 243 2414 Quod
260 2348 351 2403 Maria
369 2347 502 2403 liberavit
520 2347 663 2418 quandam
681 2347 816 2402 feminam
834 2349 894 2401 232.

167 2437 244 2503 Quod
263 2437 354 2491 Maria
373 2435 505 2491 liberavit
523 2436 664 2505 quendam
683 2435 830 2490 detentum
849 2453 899 2504 pro
918 2435 995 2491 furto
1013 2436 1072 2488 232.

164 2524 243 2591 Quod
263 2524 347 2581 multi
365 2524 509 2595 Neophyti
527 2527 664 2580 venerunt
682 2523 838 2579 Jerusalem
857 2522 951 2577 videre
970 2521 1090 2577 Mariam
1110 2522 1170 2577 232.

163 2614 242 2680 Quod
260 2613 365 2668 Paulus
384 2613 527 2684 apostolus
546 2613 624 2668 venit
642 2612 798 2667 Jerusalem
818 2611 912 2666 videre
932 2611 1051 2666 Mariam
1069 2613 1127 2667 233.

164 2703 241 2768 Quod
260 2703 348 2756 Lucas
366 2700 476 2770 scripsit
494 2702 673 2770 evangelium
691 2719 724 2757 ex
743 2717 791 2756 ore
809 2700 927 2769 virginis
947 2699 1034 2755 Maris
1052 2701 1111 2755 233.

164 2789 243 2854 Quod
260 2788 365 2843 Paulus
382 2789 495 2842 recessit
513 2806 530 2842 a
549 2789 638 2842 Maria
657 2790 717 2844 233.

166 2876 244 2942 Quod
262 2875 381 2946 apostoli
399 2877 514 2930 fuerunt
531 2877 662 2932 collectas
681 2896 730 2946 pro
748 2876 918 2946 pauperibus
935 2876 995 2930 234.

165 2963 243 3029 Quod
262 2967 325 3034 post
343 2964 542 3033 dispersionem
560 2966 750 3034 apostolorum
769 2966 842 3020 solus
861 2964 980 3020 Jacubus
998 2963 1134 3019 remansit
1151 2963 1182 3017 in
1196 2964 1309 3018 Jerusa-

234 3054 289 3107 lem
307 3054 366 3108 235.

164 3142 242 3206 Quod
261 3145 373 3197 sanctus
393 3141 519 3210 ignatius
537 3142 649 3212 scripsit
666 3143 819 3212 epistulam
836 3142 919 3196 beate
939 3141 1042 3211 virgini
1061 3140 1149 3195 Marie
1168 3140 1228 3196 236.

164 3230 241 3295 Quod
260 3231 351 3285 Maria
369 3231 511 3300 rescripsit
529 3231 681 3301 epistulam
699 3235 798 3287 sancto
816 3230 930 3300 Ignatio
949 3231 1007 3285 231.

165 3319 238 3383 Quot
255 3318 336 3371 annis
354 3319 446 3373 Maria
464 3321 546 3388 virgo
565 3319 667 3374 vixerit
685 3336 767 3388 super
786 3321 891 3373 terram
912 3317 969 3370 238.

164 3406 204 3460 De
222 3405 301 3461 obitu
319 3408 348 3459 et
367 3407 556 3474 assumptione
575 3407 663 3461 Meris
682 3407 800 3476 virginis
820 3406 879 3461 239.

163 3493 242 3559 Quod
259 3494 376 3562 angelus
394 3492 472 3546 dedit
490 3494 576 3548 Marie
594 3495 721 3561 palmam
738 3496 768 3547 et
788 3493 986 3547 vestimentum
1004 3492 1064 3545 240.

164 3580 241 3646 Quod
258 3580 351 3635 Maria
368 3581 498 3635 narravit
517 3580 657 3636 sodalibus
676 3581 731 3634 suis
750 3580 846 3650 angeli
864 3578 1034 3648 legationem
1052 3578 1112 3631 240.

163 3669 241 3733 0000
259 3670 330 3725 socie
350 3669 437 3724 Maris
455 3668 574 3736 virginis
591 3668 761 3737 planxerunt
779 3666 887 3723 obitum
905 3667 964 3719 eius
981 3666 1041 3718 241.

163 3757 240 3821 Quod
260 3756 351 3810 Maria
368 3756 445 3810 flevit
468 3774 501 3810 ex
519 3755 707 3824 compassione
724 3756 862 3809 sociarum
880 3771 994 3808 suarum
1013 3753 1073 3807 241.
1125 3808 1128 3813 ⁴

164 3844 242 3908 0000
264 3845 405 3900 Johannes
431 3844 607 3913 evangeliste.
632 3841 796 3911 supervenit
824 3842 852 3894 et
875 3840 985 3893 invenit
1011 3840 1130 3894 Mariam
1156 3839 1309 3894 lacriman-

233 3934 291 3985 tm
312 3935 372 3986 241.

164 3949 379 4089 Quodeapostoli
397 4036 492 4075 omnes
511 4020 699 4074 convenerunt
718 4018 747 4071 in
766 4017 922 4071 Jerusalem
940 4018 1002 4070 242.

163 4107 242 4173 Quod
260 4108 350 4161 Murio.
369 4107 468 4176 gavisa
485 4104 575 4160 estin
593 4106 717 4160 adventu
736 4106 926 4176 apostolorum
944 4106 1004 4161 243.

163 4194 204 4249 De
222 4195 337 4264 planctu
356 4194 544 4264 apostolorum
562 4193 592 4247 in
611 4194 690 4249 obitu
710 4193 798 4248 blarie
817 4194 935 4263 virginis
953 4196 1012 4249 243.

165 4283 240 4346 Quod
260 4284 354 4351 plures
372 4283 495 4350 virgines
518 4284 547 4336 et
573 4282 628 4337 elie
653 4283 782 4338 mulieres
809 4282 929 4337 aderant
956 4281 993 4335 in·
1013 4279 1093 4335 obitu
1118 4280 1204 4349 beate
1219 4278 1310 4350 virgi·

233 4370 353 4425 010245.
