3000 5125
797 401 838 468 80

325 595 376 633 2222
405 578 547 664 Angelus
570 579 719 662 apparuit
740 578 805 642 illis
828 577 882 661 qui
907 577 1059 661 prebebat

404 681 515 761 Panes,
539 688 571 747 et
592 684 653 748 hoc
675 684 780 768 sepius
802 706 859 767 per
881 683 966 776 viam
988 681 1135 748 faciebat.

248 996 353 1081 Quod
380 997 519 1069 bubale
546 999 585 1069 et
612 1018 719 1069 cerva
747 994 968 1069 obtulerunt
995 1018 1035 1069 se
1063 996 1109 1069 ad
1138 991 1400 1090 mulgendum.

401 1205 636 1277 Concurrerunt
657 1206 774 1270 bubale
796 1227 948 1290 cervoque
969 1206 1136 1289 prebentes

405 1313 452 1376 ad
474 1313 681 1398 mulgendum
703 1311 812 1390 ubera,
835 1309 884 1375 lac
906 1333 996 1374 suum
1021 1310 1197 1386 offerentes,

407 1415 449 1481 Ut
472 1439 511 1481 ex
531 1417 588 1481 illo
609 1419 737 1480 sanctus
760 1415 830 1479 illes
849 1419 1023 1498 conventus
1044 1416 1233 1494 nutriretur,

325 1540 377 1578 2225
403 1521 497 1587 Lacte
519 1544 598 1605 puer
620 1521 716 1585 etiam
738 1519 833 1585 Jesus
855 1519 1022 1584 foveretur.

369 1839 472 1924 Quod
503 1795 655 1911 arbores
683 1842 724 1910 et
750 1840 866 1912 herbe
894 1838 1105 1912 adorabant
1131 1837 1275 1909 Jesum.

404 2046 561 2133 (lumper
583 2049 678 2114 silvas
701 2051 919 2115 transiverunt
939 2073 1044 2116 ramos
1066 2052 1211 2116 universe

402 2151 604 2218 Inclinabant
627 2155 754 2220 arbores
778 2157 817 2219 ad
840 2178 973 2239 puerum
996 2178 1153 2221 converse.

400 2258 540 2323 Arbores
563 2261 725 2324 cacumina
747 2261 904 2326 flexerunt
926 2263 1104 2342 adorantes,

281 2395 283 2398 ·
401 2362 600 2430 Transeunte
622 2370 762 2430 creatore
784 2389 888 2431 ramos
910 2366 1110 2432 inclinantes.

325 2485 375 2522 2222
402 2465 570 2553 Herbeque
592 2469 740 2535 similiter
761 2471 904 2536 fecerunt
927 2472 987 2537 hoc
1011 2495 1203 2556 camporum,

401 2573 573 2660 Floresque
595 2578 785 2643 convallium
809 2584 842 2643 et
864 2580 1010 2665 gramina
1032 2583 1197 2663 pratorum
1297 2602 1300 2609 ’

403 2676 443 2743 Se
465 2686 578 2746 cuncta
600 2681 677 2746 Jesu
700 2706 798 2766 puero
821 2684 997 2751 flectebant¹
1012 2685 1205 2763 inclinando,

400 2781 587 2850 Venientem
611 2787 773 2851 dominum
797 2811 889 2853 suum
912 2790 1082 2854 adorando.
1224 2815 1228 2823 ·

380 3134 384 3140 ·
481 3100 534 3175 De
563 3101 776 3175 latronibus
804 3126 897 3196 quos
927 3103 1149 3178 inciderunt.
1491 3142 1492 3237 p

400 3308 461 3376 Sed
483 3315 556 3395 post
577 3312 638 3375 hoc
660 3312 699 3376 ad
715 3312 818 3377 locum
835 3314 993 3396 quendam
1008 3318 1161 3379 venerunt
1176 3335 1238 3397 quo
1253 3313 1391 3376 latrones
1491 3298 1492 3357 Ῑ

328 3434 379 3472 2222
406 3414 577 3499 Speluncas
600 3416 661 3481 sibi
683 3415 825 3503 fecerant
847 3422 942 3502 atque
965 3420 1153 3483 mansiones.

401 3519 453 3584 Ab
475 3520 602 3605 illisque
624 3522 801 3585 latronibus
824 3522 869 3586 ibi
892 3528 967 3587 sunt
990 3524 1120 3602 detenti,

399 3626 444 3689 Et
466 3626 499 3689 in
522 3631 640 3691 sortem
662 3649 753 3691 suam
776 3629 831 3692 uni
854 3629 969 3693 cedunt
991 3630 1046 3713 qui
1070 3629 1191 3694 decenti

399 3729 534 3796 Familia
556 3734 749 3816 compatiens
772 3733 912 3817 hospitio
936 3735 1075 3820 collegit,

402 3838 449 3901 Ac
471 3838 502 3900 in
520 3838 710 3903 <necessariis
732 3839 875 3922 ipsorum
897 3861 1005 3904 curam
1028 3843 1103 3925 egit.

325 3958 376 3996 2240
405 3939 440 4005 ln
465 3942 543 4006 cibis
566 3944 653 4007 etin
676 3944 805 4027 potibus
827 3945 912 4029 ipsos
935 3948 1098 4025 recreavit,

400 4043 448 4109 Ac
471 4046 619 4111 iumentis
643 4048 796 4131 pabulum
818 4049 907 4132 large
929 4051 1133 4131 ministravit,

316 4224 319 4230 .
401 4148 439 4214 In
461 4152 652 4217 venustitate
673 4154 764 4237 pueri
787 4155 923 4219 multum
947 4156 1119 4243 delectatus

400 4256 445 4319 Et
467 4254 541 4320 huic
564 4257 706 4320 divinum
729 4257 850 4341 aliquid
872 4259 974 4325 inesse
998 4262 1185 4345 suspicatus.

401 4361 542 4426 Tandem
564 4361 684 4446 Joseph
707 4362 814 4448 aliqua
836 4364 897 4428 sibi
924 4367 1077 4430 revelavit

323 4483 374 4523 224⁶
400 4466 449 4532 De
472 4467 641 4532 sanctitate
662 4469 751 4553 pueri
776 4470 972 4555 quodamque
995 4473 1183 4555 propalavit.
