3000 5125
807 405 871 474 242

380 588 384 596 '
421 579 521 667 Cepit,
544 586 578 648 et
598 606 656 667 pro
679 582 784 648 Maria
806 584 931 668 virgine
953 584 1087 649 turbari.

423 687 565 753 Johanni
588 687 639 753 dei
661 688 802 773 genitrix
823 693 938 752 cuncta
960 689 1115 770 recitavit,

343 812 396 849 rus
425 790 493 857 Sibi
515 813 576 877 que
599 815 654 877 per
676 792 828 878 angelum
849 792 935 856 filius
956 794 1129 859 mandavit.

422 896 567 962 Palmam
589 901 686 981 atque
707 897 933 962 vestimentum
954 898 1185 964 demonstravit
1207 900 1246 980 ei,

421 1002 511 1080 Quod
534 1003 667 1088 angelus
689 1007 872 1087 portaverat
894 1002 969 1068 huic
991 1004 1029 1070 de
1051 1027 1147 1069 mauu
1170 1007 1231 1072 dei.

422 1109 552 1175 cartam
574 1132 700 1194 quoque
722 1110 808 1174 dedit
831 1110 870 1190 ei,
893 1111 926 1174 in
951 1133 1015 1195 qua
1037 1111 1167 1176 fuerunt
1189 1112 1302 1193 multa,

423 1215 490 1293 Que
511 1238 609 1280 mauu
632 1238 689 1279 sua
711 1215 880 1300 scripserat
902 1215 987 1281 filius
1010 1218 1142 1298 occulta,

317 1339 319 1342 ·
351 1342 402 1378 22⁰⁰
428 1319 497 1386 Sibi
521 1343 581 1405 que
603 1321 775 1405 reliquerat
797 1324 871 1385 ante
893 1322 1071 1406 passionem

425 1426 629 1504 Quorundam
652 1426 691 1490 ad
714 1426 928 1490 misteriorum
951 1426 1185 1493 revelationem.

423 1531 527 1596 Maria
549 1527 650 1595 dixit:
676 1529 721 1595 »Ο
745 1529 903 1611 Johanne‚
926 1531 1027 1597 frater
1049 1537 1082 1597 et
1104 1532 1212 1613 amice,

425 1636 499 1702 Tibi
521 1660 571 1701 me
593 1636 751 1701 commisit
773 1634 874 1714 lesus,
897 1641 934 1700 ut
955 1637 1054 1721 ipsius
1077 1638 1144 1704 vice

426 1741 489 1807 Pr0
512 1764 562 1807 mc
584 1759 692 1806 curam
714 1762 826 1826 ageres
848 1745 880 1806 et
902 1741 982 1806 mihi
1004 1743 1087 1808 sicut
1108 1749 1198 1828 pater
1327 1789 1332 1798 -

347 1866 399 1904 ⁷³0⁶
426 1846 528 1926 Esses,
553 1868 673 1911 necnon
697 1867 757 1931 ego
780 1846 841 1910 tibi
863 1847 964 1911 forem
987 1847 1078 1932 quasi
1099 1852 1210 1914 mater.

426 1953 514 2038 Ergo
537 1973 658 2037 precor,
681 1952 774 2015 utin
797 1955 899 2017 morte
920 1975 1027 2018 meum
1049 1954 1206 2019 custodire

312 2095 315 2099 >
425 2058 546 2143 Corpus
569 2056 658 2137 velis,
681 2063 713 2121 et
736 2079 800 2121 non
823 2058 908 2122 sinas
930 2057 1011 2123 illud
1033 2060 1197 2143 pervenire

426 2164 478 2228 Ad
499 2185 612 2228 manus
634 2162 810 2226 infidelium
832 2163 947 2227 horum
970 2162 1154 2244 Judeorum‚

425 2266 493 2334 Nec
515 2269 554 2334 ad
577 2272 738 2352 aspectum
761 2266 939 2351 principum
963 2290 1020 2333 nec
1041 2269 1271 2354 phariseorum,

349 2394 400 2431 ⁷210
427 2373 509 2451 Quia
529 2373 608 2438 mihi
633 2373 737 2457 sepius
758 2373 873 2437 minati
895 2376 971 2438 sunt
992 2373 1150 2439 dicentes:

431 2478 483 2544 »Si
505 2501 562 2544 nos
585 2499 679 2563 super
700 2481 819 2541 terram
840 2481 917 2542 tunc
938 2477 1092 2543 fuerimus
1116 2479 1266 2573 viventes,

428 2584 507 2650 Cum
529 2581 605 2647 Jesu
628 2583 801 2647 seductoris
823 2583 918 2648 huius
939 2586 1042 2648 mater
1064 2584 1227 2663 morietur,

428 2689 517 2753 Tunc
539 2711 558 2752 a
581 2687 672 2753 nobis
695 2708 809 2770 corpus
836 2688 902 2752 eius
925 2688 1035 2752 statim
1057 2689 1210 2773 rapietur,
1236 2732 1238 2735 -

372 2809 375 2814 “
429 2793 495 2879 Ipsi
519 2793 602 2878 quod
623 2792 756 2857 illudere
778 2793 934 2877 possimus
956 2792 1165 2877 impudenter,

351 2920 403 2957 721⁶
430 2900 497 2978 Que
520 2923 553 2964 se
576 2899 657 2962 dixit
679 2898 835 2984 virginem
858 2902 925 2962 tam
947 2898 1185 2964 irreverenter«

430 3005 592 3071 Johannee
615 3004 661 3068 ait
684 3003 723 3068 ad
746 3025 833 3067 eam:
860 3001 906 3068 »Ο
928 3004 1056 3068 domina
1078 3004 1191 3087 Maria,

431 3110 458 3176 Ο
481 3112 573 3195 virgo
596 3108 646 3174 dei
658 3108 818 3194 genitrix,
841 3131 860 3173 o
883 3108 1019 3174 clemens
1041 3114 1073 3175 et
1095 3132 1114 3174 o
1136 3109 1199 3192 pia,

430 3216 469 3281 ln
491 3221 547 3281 tuo
571 3213 774 3279 dilectissimo
797 3213 864 3278 filio
887 3214 1017 3293 confide,

429 3320 468 3386 ln
491 3321 617 3404 suisque
639 3319 786 3383 fidelibus
809 3319 973 3403 promissis
995 3342 1059 3384 non
1082 3318 1200 3398 diffide,

353 3446 404 3484 ⁷220
431 3426 492 3502 Qui
515 3447 548 3489 se
570 3425 716 3508 promisit
737 3425 777 3488 ad
801 3428 892 3488 tuum
915 3425 1038 3490 obitum
1060 3429 1228 3491 venturum

431 3533 476 3597 ut
497 3535 588 3596 tuum
611 3530 844 3594 sanctissimum
867 3551 979 3614 corpus
1002 3535 1230 3615 protecturum,

384 3648 388 3657 '
430 3636 462 3701 A
484 3635 594 3701 Judeis
616 3635 722 3719 impiis
744 3634 805 3698 hoc
827 3656 867 3698 ne
889 3635 1042 3718 rapiatur,

432 3742 476 3805 Et
499 3741 539 3806 ab
561 3739 742 3805 infidelibus
764 3739 895 3824 indigne
916 3763 956 3804 ue
977 3745 1159 3826 tangatur«

276 4046 380 4132 Quod
407 4043 567 4139 apostoli
596 4064 724 4114 omnes
753 4047 1009 4116 convenerunt
1031 4043 1071 4115 in
1090 4041 1301 4117 Jerusalem
1329 4045 1413 4116 ante
1485 4132 1486 4135 Ἴ

532 4167 669 4237 ostium
699 4165 831 4237 domus
860 4167 971 4238 beate
998 4165 1164 4260 virginis.

433 4375 522 4440 Tunc
544 4378 630 4440 ecce!
655 4379 783 4440 sanctus
806 4375 936 4459 spiritus
959 4375 1131 4459 assumpsit
1153 4374 1316 4439 universos

354 4496 405 4534 ⁷22⁶
431 4477 603 4563 Apostolos
626 4484 658 4544 et
679 4478 818 4563 reliquos
841 4478 1011 4563 discipulos
1034 4479 1191 4564 dispersos
