3000 5125
669 387 709 455 73

270 564 315 629 111
337 564 456 647 prodiit
479 564 602 629 avicula
623 566 768 632 columbe
789 567 939 633 simulata
1041 603 1043 606 ·

192 689 243 724 0000
271 671 318 733 Αο
340 670 495 734 humanas
518 672 616 735 edidit
639 694 728 737 voces
750 674 808 738 heo
831 673 946 739 affata:

272 773 395 840 »Natus
418 780 466 840 est
487 776 526 841 de
549 778 672 861 virgine
694 779 770 842 dens
793 784 826 844 et
845 783 967 845 creator

271 879 347 961 (leli,
369 885 463 960 terre,
486 883 632 962 marium,
656 887 687 948 et
709 883 874 949 hominum
897 886 1067 951 salvator«

272 985 360 1052 Uxor
382 986 472 1071 Magi
494 988 581 1051 tertii
602 990 715 1072 genuit
736 989 893 1055 infantem

269 1091 318 1155 De
338 1095 415 1155 nato
437 1091 515 1157 lesu
536 1094 711 1158 maximum
732 1095 861 1180 signum
885 1098 1123 1181 propalantem:

191 1215 243 1251 2⁰1⁰
270 1195 347 1260 Mox
369 1201 405 1261 ut
427 1220 505 1281 puer
528 1202 622 1263 natus
645 1203 693 1263 est
715 1222 812 1283 supra
834 1201 927 1284 pedes
949 1202 1066 1281 stabat,

270 1301 414 1366 Profeote
437 1302 567 1386 loquens
590 1303 628 1368 de
650 1302 728 1369 Jesu
750 1309 827 1369 nato
849 1305 895 1370 010
917 1306 1091 1372 clamabat:

274 1407 397 1472 »Natus
420 1430 500 1488 0000,
523 1412 560 1473 01
580 1410 710 1489 moriar,
734 1432 794 1496 ego
816 1433 891 1475 nam
913 1412 1070 1476 nascendo

269 1511 476 1578 Nasciturum
497 1515 594 1579 seonli
615 1515 779 1581 dominum
802 1517 943 1594 ostendo,

269 1619 319 1682 ux
343 1619 435 1683 unius
458 1620 593 1705 virginis
615 1624 706 1685 utero
728 1642 794 1685 non
817 1625 912 1700 taoto,

191 1742 242 1778 0000
269 1722 313 1788 Et
335 1746 374 1789 ex
395 1724 452 1788 illa
474 1730 602 1809 sumpta
623 1746 718 1789 earne
740 1725 779 1789 de
801 1725 898 1790 verbo
921 1725 970 1790 dei
992 1725 1088 1791 fanto.

269 1829 331 1905 Qui
353 1834 426 1914 post
448 1851 548 1895 annos
570 1836 618 1895 est
640 1830 777 1914 triginta
799 1834 895 1915 atque
917 1836 981 1895 tres
1003 1853 1153 1915 passurus

270 1934 332 1998 Pro
354 1935 538 2019 cunctisque
559 1936 751 2020 supplicium
774 1935 927 2000 mundum
949 1937 1182 2019 redempturus.

270 2037 352 2104 Huis
374 2040 421 2104 rei
442 2046 545 2106 morte
564 2063 634 2105 nrea
656 2040 784 2128 signum
807 2063 878 2106 sum
901 2042 1043 2120 daturus,

270 2145 352 2221 buia
374 2150 447 2231 post
468 2147 604 2232 triginta
626 2147 691 2211 dies
713 2151 746 2211 et
768 2150 832 2211 tres
855 2168 925 2210 sum
947 2146 1151 2211 moriturus«

190 2269 241 2306 0000
268 2251 357 2336 Ergo
379 2256 452 2336 post
474 2251 610 2336 triginta
632 2252 699 2316 dies
722 2255 754 2316 et
777 2261 842 2317 tres
864 2252 1052 2317 moribatur.

268 2357 351 2423 Puer
374 2358 461 2442 prius
484 2361 590 2421 tamen
613 2357 752 2441 plurima
774 2358 884 2422 lutura
907 2357 1105 2442 loquebatur.

267 2462 326 2528 Ille
348 2463 508 2546 quondam
530 2463 659 2527 arbores
682 2463 758 2528 solis
781 2468 878 2548 atque
900 2464 984 2542 lune,

269 2569 336 2645 Qus
359 2592 543 2654 responsum
567 2570 714 2634 omnibus
737 2570 891 2634 dederunt
913 2574 981 2634 tam
1003 2590 1178 2648 commune,

268 2673 307 2739 In
330 2675 497 2740 nativitate
519 2673 596 2740 Jesu
618 2676 742 2758 private
764 2680 840 2740 sunt
862 2675 1044 2760 responsis·

188 2797 240 2835 202⁶
267 2779 319 2844 Ab
342 2780 386 2844 eis
409 2780 595 2844 demonibus
617 2780 765 2845 omnibns
788 2780 931 2865 repulsis,

267 2883 445 2950 Nemeum
468 2886 508 2950 ab
531 2886 698 2951 arboribus
720 2886 771 2950 his
794 2888 942 2951 demones
964 2891 1142 2973 cesserunt:

269 2989 481 3055 ›Reoedamus
504 2991 544 3054 ab
567 2989 627 3054 hoo
650 2990 737 3055 loco«
763 2991 1117 3070 consummaverunt,
1179 3060 1184 3068 ,

267 3095 354 3160 »Nos
376 3097 467 3179 pellit
489 3097 528 3160 ab
550 3096 733 3160 hominibus
756 3096 812 3180 qui
835 3096 932 3160 verbo
955 3117 1013 3158 nos
1037 3096 1166 3174 creavit,

265 3201 347 3278 Quia
368 3201 463 3265 modo
484 3200 588 3267 faetus
611 3200 707 3265 homo
729 3223 763 3264 se
783 3200 903 3265 mundo
926 3199 1164 3278 demonstravit,

187 3328 238 3365 roeo
266 3308 310 3372 Et
333 3330 387 3372 sue
411 3308 551 3391 potentie
574 3328 631 3370 nos
654 3307 755 3370 caleat
778 3306 871 3370 modo
894 3305 970 3383 zelo,

266 3411 296 3476 A
318 3413 436 3477 nostris
460 3412 515 3497 qui
538 3412 576 3477 de
599 3412 726 3477 sedibus
749 3411 872 3495 expulit
894 3415 927 3474 in
950 3410 1047 3475 celo<

266 3516 364 3581 Arnit
386 3522 463 3582 tune
486 3518 581 3582 arbor
603 3540 666 3581 una
689 3517 765 3582 00110
789 3516 950 3601 appellata

267 3620 399 3698 Quando
424 3645 499 3687 vera
520 3623 619 3687 deitas
641 3620 706 3686 fuit
727 3621 913 3688 humanata.

266 3726 351 3791 Nam
374 3728 450 3792 solis
473 3728 569 3792 arbor
592 3728 677 3792 aruit
699 3728 732 3791 in
756 3727 974 3792 incarnatione

186 3851 238 3889 0000
266 3833 362 3898 Aruit
384 3839 416 3898 et
438 3835 533 3899 arbor
556 3835 629 3898 lune
651 3833 684 3897 in
709 3832 829 3898 Christi
852 3833 1005 3917 passione.

266 3939 521 4025 Bragmanorum
543 3939 679 4022 populns
702 3938 829 4002 stellam
852 3938 975 4002 radiare

265 4043 453 4108 Natiuitatis
476 4044 620 4108 nuntiam
644 4044 764 4122 videns,
788 4044 931 4108 exultare

237 4147 365 4231 oepit,
388 4171 463 4213 narn
486 4149 660 4213 crediderat
684 4149 816 4213 verbum
838 4150 1068 4214 incarnandum

267 4254 377 4319 Annos
400 4259 474 4319 ente
498 4255 650 4338 plurimos
673 4257 705 4320 et
727 4256 819 4319 deum
843 4255 1091 4320 humanandum.

186 4379 238 4418 0000
264 4358 350 4424 Nem
371 4360 508 4425 millenis
532 4361 590 4425 heo
612 4382 691 4446 gens
714 4362 806 4424 annis
829 4365 1002 4445 antequam
1025 4361 1171 4440 venisset,

263 4461 301 4530 ln
323 4486 449 4534 earnem
472 4465 618 4537 Christus
640 4466 802 4535 hominem
824 4470 857 4535 et
875 4467 952 4537 deus
975 4468 1215 4555 assumpsisset3
