<?xml version="1.0" encoding="UTF-8"?>
<!DOCTYPE html PUBLIC "-//W3C//DTD XHTML 1.0 Transitional//EN"
    "http://www.w3.org/TR/xhtml1/DTD/xhtml1-transitional.dtd">
<html xmlns="http://www.w3.org/1999/xhtml" xml:lang="en" lang="en">
 <head>
  <title>
</title>
<meta http-equiv="Content-Type" content="text/html;charset=utf-8" />
  <meta name='ocr-system' content='tesseract 3.04.00' />
  <meta name='ocr-capabilities' content='ocr_page ocr_carea ocr_par ocr_line ocrx_word'/>
</head>
<body>
  <div class='ocr_page' id='page_1' title='image "./vitabeatevirgin02vggoog_0128.png"; bbox 0 0 3000 5125; ppageno 0'>
   <div class='ocr_carea' id='block_1_1' title="bbox 780 415 844 486">
    <p class='ocr_par' dir='ltr' id='par_1_1' title="bbox 780 415 844 486">
     <span class='ocr_line' id='line_1_1' title="bbox 780 415 844 486; baseline 0.063 -5"><span class='ocrx_word' id='word_1_1' title='bbox 780 415 844 486; x_wconf 73' lang='lat'><strong>116</strong></span> 
     </span>
    </p>
   </div>
   <div class='ocr_carea' id='block_1_2' title="bbox 317 588 1180 785">
    <p class='ocr_par' dir='ltr' id='par_1_2' title="bbox 317 588 1180 785">
     <span class='ocr_line' id='line_1_2' title="bbox 395 588 1107 675; baseline 0.01 -19"><span class='ocrx_word' id='word_1_2' title='bbox 395 590 440 656; x_wconf 75' lang='lat' dir='ltr'><strong>nt</strong></span> <span class='ocrx_word' id='word_1_3' title='bbox 463 590 596 660; x_wconf 75' lang='lat' dir='ltr'><strong>clamide</strong></span> <span class='ocrx_word' id='word_1_4' title='bbox 622 590 787 675; x_wconf 72' lang='lat' dir='ltr'><strong>triangula</strong></span> <span class='ocrx_word' id='word_1_5' title='bbox 809 612 906 675; x_wconf 85' lang='lat' dir='ltr'><strong>supra</strong></span> <span class='ocrx_word' id='word_1_6' title='bbox 922 588 1107 674; x_wconf 69' lang='lat' dir='ltr'><strong>tegebatur,</strong></span> 
     </span>
     <span class='ocr_line' id='line_1_3' title="bbox 317 694 1180 785; baseline -0.003 -23"><span class='ocrx_word' id='word_1_7' title='bbox 317 717 369 754; x_wconf 70' lang='lat' dir='ltr'><strong>aas</strong></span> <span class='ocrx_word' id='word_1_8' title='bbox 397 696 487 764; x_wconf 87' lang='lat' dir='ltr'><strong>Sicut</strong></span> <span class='ocrx_word' id='word_1_9' title='bbox 509 720 528 762; x_wconf 93' lang='lat' dir='ltr'><strong>a</strong></span> <span class='ocrx_word' id='word_1_10' title='bbox 553 696 664 764; x_wconf 88' lang='lat' dir='ltr'><strong>Judeis</strong></span> <span class='ocrx_word' id='word_1_11' title='bbox 686 700 764 762; x_wconf 85' lang='lat' dir='ltr'><strong>tunc</strong></span> <span class='ocrx_word' id='word_1_12' title='bbox 785 696 899 764; x_wconf 89' lang='lat' dir='ltr'><strong>modus</strong></span> <span class='ocrx_word' id='word_1_13' title='bbox 920 694 1109 772; x_wconf 77' lang='lat' dir='ltr'><strong>habebatur.</strong></span> <span class='ocrx_word' id='word_1_14' title='bbox 1176 777 1180 785; x_wconf 20' lang='lat'>⁸</span> 
     </span>
    </p>
   </div>
   <div class='ocr_carea' id='block_1_3' title="bbox 318 799 1293 1412">
    <p class='ocr_par' dir='ltr' id='par_1_3' title="bbox 318 799 1293 1412">
     <span class='ocr_line' id='line_1_4' title="bbox 397 799 1127 890; baseline -0.001 -23"><span class='ocrx_word' id='word_1_15' title='bbox 397 802 515 870; x_wconf 77' lang='lat' dir='ltr'><strong>Clamis</strong></span> <span class='ocrx_word' id='word_1_16' title='bbox 538 803 597 870; x_wconf 88' lang='lat' dir='ltr'><strong>bec</strong></span> <span class='ocrx_word' id='word_1_17' title='bbox 616 804 659 868; x_wconf 93' lang='lat' dir='ltr'><strong>ad</strong></span> <span class='ocrx_word' id='word_1_18' title='bbox 681 802 816 890; x_wconf 78' lang='lat' dir='ltr'><strong>angulos</strong></span> <span class='ocrx_word' id='word_1_19' title='bbox 838 803 917 869; x_wconf 89' lang='lat' dir='ltr'><strong>duos</strong></span> <span class='ocrx_word' id='word_1_20' title='bbox 941 799 1127 868; x_wconf 76' lang='lat' dir='ltr'><strong>nectebatur</strong></span> 
     </span>
     <span class='ocr_line' id='line_1_5' title="bbox 396 902 1202 992; baseline -0.004 -20"><span class='ocrx_word' id='word_1_21' title='bbox 396 906 541 984; x_wconf 82' lang='lat' dir='ltr'><strong>Quodam</strong></span> <span class='ocrx_word' id='word_1_22' title='bbox 563 930 636 976; x_wconf 87' lang='lat' dir='ltr'><strong>eum</strong></span> <span class='ocrx_word' id='word_1_23' title='bbox 659 908 815 987; x_wconf 70' lang='lat' dir='ltr'><strong>tenacula</strong></span> <span class='ocrx_word' id='word_1_24' title='bbox 838 929 895 992; x_wconf 84' lang='lat' dir='ltr'><strong>per</strong></span> <span class='ocrx_word' id='word_1_25' title='bbox 915 905 1002 991; x_wconf 88' lang='lat' dir='ltr'><strong>quod</strong></span> <span class='ocrx_word' id='word_1_26' title='bbox 1024 902 1202 982; x_wconf 42' lang='lat' dir='ltr'><strong>tuebatur.</strong></span> 
     </span>
     <span class='ocr_line' id='line_1_6' title="bbox 318 1010 974 1093; baseline -0.005 -15"><span class='ocrx_word' id='word_1_27' title='bbox 318 1017 322 1024; x_wconf 69' lang='grc'><strong>“</strong></span> <span class='ocrx_word' id='word_1_28' title='bbox 397 1012 474 1078; x_wconf 85' lang='lat' dir='ltr'><strong>Fuit</strong></span> <span class='ocrx_word' id='word_1_29' title='bbox 495 1014 697 1079; x_wconf 80' lang='lat' dir='ltr'><strong>inconsutilis</strong></span> <span class='ocrx_word' id='word_1_30' title='bbox 720 1013 839 1093; x_wconf 81' lang='lat' dir='ltr'><strong>tunica,</strong></span> <span class='ocrx_word' id='word_1_31' title='bbox 861 1010 974 1078; x_wconf 92' lang='lat' dir='ltr'><strong>subtili</strong></span> 
     </span>
     <span class='ocr_line' id='line_1_7' title="bbox 398 1114 1077 1203; baseline -0.009 -18"><span class='ocrx_word' id='word_1_32' title='bbox 398 1117 480 1186; x_wconf 81' lang='lat' dir='ltr'><strong>Arte</strong></span> <span class='ocrx_word' id='word_1_33' title='bbox 502 1120 586 1190; x_wconf 81' lang='lat' dir='ltr'><strong>facte</strong></span> <span class='ocrx_word' id='word_1_34' title='bbox 607 1141 664 1203; x_wconf 88' lang='lat' dir='ltr'><strong>per</strong></span> <span class='ocrx_word' id='word_1_35' title='bbox 686 1117 822 1188; x_wconf 87' lang='lat' dir='ltr'><strong>Mariam</strong></span> <span class='ocrx_word' id='word_1_36' title='bbox 845 1138 939 1201; x_wconf 89' lang='lat' dir='ltr'><strong>opere</strong></span> <span class='ocrx_word' id='word_1_37' title='bbox 961 1114 1077 1182; x_wconf 76' lang='lat' dir='ltr'><strong>textili.</strong></span> 
     </span>
     <span class='ocr_line' id='line_1_8' title="bbox 322 1218 1221 1307; baseline -0.01 -17"><span class='ocrx_word' id='word_1_38' title='bbox 322 1243 374 1282; x_wconf 73' lang='lat' dir='ltr'><strong>eo</strong></span> <span class='ocrx_word' id='word_1_39' title='bbox 401 1223 469 1289; x_wconf 89' lang='lat' dir='ltr'><strong>Hec</strong></span> <span class='ocrx_word' id='word_1_40' title='bbox 490 1225 600 1290; x_wconf 90' lang='lat' dir='ltr'><strong>tunica</strong></span> <span class='ocrx_word' id='word_1_41' title='bbox 621 1245 693 1290; x_wconf 88' lang='lat' dir='ltr'><strong>cum</strong></span> <span class='ocrx_word' id='word_1_42' title='bbox 715 1244 846 1307; x_wconf 80' lang='lat' dir='ltr'><strong>corpere</strong></span> <span class='ocrx_word' id='word_1_43' title='bbox 867 1220 946 1290; x_wconf 85' lang='lat' dir='ltr'><strong>Jesu</strong></span> <span class='ocrx_word' id='word_1_44' title='bbox 969 1218 1090 1292; x_wconf 74' lang='lat' dir='ltr'><strong>Christi</strong></span> <span class='ocrx_word' id='word_1_45' title='bbox 1111 1218 1221 1298; x_wconf 81' lang='lat' dir='ltr'><strong>erevit,</strong></span> 
     </span>
     <span class='ocr_line' id='line_1_9' title="bbox 397 1322 1293 1412; baseline -0.01 -17"><span class='ocrx_word' id='word_1_46' title='bbox 397 1329 443 1395; x_wconf 82' lang='lat' dir='ltr'><strong>Et</strong></span> <span class='ocrx_word' id='word_1_47' title='bbox 464 1334 541 1395; x_wconf 85' lang='lat' dir='ltr'><strong>tunc</strong></span> <span class='ocrx_word' id='word_1_48' title='bbox 563 1350 634 1402; x_wconf 85' lang='lat' dir='ltr'><strong>cum</strong></span> <span class='ocrx_word' id='word_1_49' title='bbox 656 1350 734 1412; x_wconf 83' lang='lat' dir='ltr'><strong>puer</strong></span> <span class='ocrx_word' id='word_1_50' title='bbox 757 1327 874 1407; x_wconf 78' lang='lat' dir='ltr'><strong>extitit,</strong></span> <span class='ocrx_word' id='word_1_51' title='bbox 897 1331 930 1391; x_wconf 94' lang='lat' dir='ltr'><strong>et</strong></span> <span class='ocrx_word' id='word_1_52' title='bbox 951 1330 1029 1394; x_wconf 81' lang='lat' dir='ltr'><strong>tuuc</strong></span> <span class='ocrx_word' id='word_1_53' title='bbox 1050 1345 1122 1398; x_wconf 83' lang='lat' dir='ltr'><strong>oum</strong></span> <span class='ocrx_word' id='word_1_54' title='bbox 1141 1322 1293 1396; x_wconf 84' lang='lat' dir='ltr'><strong>adolevit.</strong></span> 
     </span>
    </p>
   </div>
   <div class='ocr_carea' id='block_1_4' title="bbox 248 1620 1400 1820">
    <p class='ocr_par' dir='ltr' id='par_1_4' title="bbox 248 1620 1400 1820">
     <span class='ocr_line' id='line_1_10' title="bbox 248 1620 1400 1719; baseline -0.007 -20"><span class='ocrx_word' id='word_1_55' title='bbox 248 1625 343 1711; x_wconf 81' lang='lat' dir='ltr'><strong>Quid</strong></span> <span class='ocrx_word' id='word_1_56' title='bbox 370 1625 492 1719; x_wconf 90' lang='lat' dir='ltr'><strong>operis</strong></span> <span class='ocrx_word' id='word_1_57' title='bbox 526 1624 695 1706; x_wconf 86' lang='lat' dir='ltr'><strong>exercuit</strong></span> <span class='ocrx_word' id='word_1_58' title='bbox 722 1620 834 1696; x_wconf 87' lang='lat' dir='ltr'><strong>Jesus</strong></span> <span class='ocrx_word' id='word_1_59' title='bbox 867 1626 957 1696; x_wconf 87' lang='lat' dir='ltr'><strong>ante</strong></span> <span class='ocrx_word' id='word_1_60' title='bbox 990 1626 1141 1716; x_wconf 85' lang='lat' dir='ltr'><strong>tempus</strong></span> <span class='ocrx_word' id='word_1_61' title='bbox 1174 1643 1240 1694; x_wconf 89' lang='lat' dir='ltr'><strong>sue</strong></span> <span class='ocrx_word' id='word_1_62' title='bbox 1275 1620 1400 1715; x_wconf 87' lang='lat' dir='ltr'><strong>predi·</strong></span> 
     </span>
     <span class='ocr_line' id='line_1_11' title="bbox 732 1745 1117 1820; baseline -0.008 0"><span class='ocrx_word' id='word_1_63' title='bbox 732 1745 902 1820; x_wconf 87' lang='lat' dir='ltr'><strong>cationis.</strong></span> <span class='ocrx_word' id='word_1_64' title='bbox 1114 1746 1117 1753; x_wconf 87' lang='grc'><strong>’</strong></span> 
     </span>
    </p>
   </div>
   <div class='ocr_carea' id='block_1_5' title="bbox 328 1948 1289 3619">
    <p class='ocr_par' dir='ltr' id='par_1_5' title="bbox 328 1948 1289 3619">
     <span class='ocr_line' id='line_1_12' title="bbox 405 1948 1096 2022; baseline -0.012 -2"><span class='ocrx_word' id='word_1_65' title='bbox 405 1953 499 2021; x_wconf 86' lang='lat' dir='ltr'><strong>Jesus</strong></span> <span class='ocrx_word' id='word_1_66' title='bbox 521 1952 625 2020; x_wconf 86' lang='lat' dir='ltr'><strong>faetus</strong></span> <span class='ocrx_word' id='word_1_67' title='bbox 647 1949 827 2022; x_wconf 75' lang='lat' dir='ltr'><strong>adolescens</strong></span> <span class='ocrx_word' id='word_1_68' title='bbox 848 1948 929 2015; x_wconf 83' lang='lat' dir='ltr'><strong>illud</strong></span> <span class='ocrx_word' id='word_1_69' title='bbox 951 1949 1096 2022; x_wconf 75' lang='lat' dir='ltr'><strong>labocare</strong></span> 
     </span>
     <span class='ocr_line' id='line_1_13' title="bbox 406 2054 1179 2142; baseline -0.003 -16"><span class='ocrx_word' id='word_1_70' title='bbox 406 2059 586 2138; x_wconf 74' lang='lat' dir='ltr'><strong>oonsuevit,</strong></span> <span class='ocrx_word' id='word_1_71' title='bbox 609 2057 685 2142; x_wconf 86' lang='lat' dir='ltr'><strong>quia</strong></span> <span class='ocrx_word' id='word_1_72' title='bbox 705 2056 812 2141; x_wconf 88' lang='lat' dir='ltr'><strong>sepius</strong></span> <span class='ocrx_word' id='word_1_73' title='bbox 832 2055 955 2122; x_wconf 78' lang='lat' dir='ltr'><strong>solebat</strong></span> <span class='ocrx_word' id='word_1_74' title='bbox 976 2054 1179 2140; x_wconf 80' lang='lat' dir='ltr'><strong>frequentare</strong></span> 
     </span>
     <span class='ocr_line' id='line_1_14' title="bbox 405 2160 1116 2248; baseline -0.006 -18"><span class='ocrx_word' id='word_1_75' title='bbox 405 2164 572 2248; x_wconf 77' lang='lat' dir='ltr'><strong>Templum</strong></span> <span class='ocrx_word' id='word_1_76' title='bbox 594 2162 627 2227; x_wconf 95' lang='lat' dir='ltr'><strong>in</strong></span> <span class='ocrx_word' id='word_1_77' title='bbox 650 2161 828 2240; x_wconf 75' lang='lat' dir='ltr'><strong>Jerusalem</strong></span> <span class='ocrx_word' id='word_1_78' title='bbox 849 2164 882 2225; x_wconf 90' lang='lat' dir='ltr'><strong>et</strong></span> <span class='ocrx_word' id='word_1_79' title='bbox 904 2160 950 2225; x_wconf 94' lang='lat' dir='ltr'><strong>ibi</strong></span> <span class='ocrx_word' id='word_1_80' title='bbox 971 2160 1116 2240; x_wconf 77' lang='lat' dir='ltr'><strong>venerari</strong></span> 
     </span>
     <span class='ocr_line' id='line_1_15' title="bbox 328 2264 1189 2362; baseline 0.002 -36"><span class='ocrx_word' id='word_1_81' title='bbox 328 2288 380 2327; x_wconf 82' lang='lat' dir='ltr'><strong>ease</strong></span> <span class='ocrx_word' id='word_1_82' title='bbox 406 2269 544 2349; x_wconf 72' lang='lat' dir='ltr'><strong>Patrem,</strong></span> <span class='ocrx_word' id='word_1_83' title='bbox 567 2269 623 2362; x_wconf 84' lang='lat' dir='ltr'><strong>qui</strong></span> <span class='ocrx_word' id='word_1_84' title='bbox 645 2268 683 2333; x_wconf 85' lang='lat' dir='ltr'><strong>de</strong></span> <span class='ocrx_word' id='word_1_85' title='bbox 706 2266 782 2332; x_wconf 85' lang='lat' dir='ltr'><strong>oelis</strong></span> <span class='ocrx_word' id='word_1_86' title='bbox 803 2266 889 2336; x_wconf 82' lang='lat' dir='ltr'><strong>hunc</strong></span> <span class='ocrx_word' id='word_1_87' title='bbox 909 2266 998 2332; x_wconf 82' lang='lat' dir='ltr'><strong>misit</strong></span> <span class='ocrx_word' id='word_1_88' title='bbox 1019 2264 1189 2338; x_wconf 63' lang='lat' dir='ltr'><strong>inemori.</strong></span> 
     </span>
     <span class='ocr_line' id='line_1_16' title="bbox 405 2372 1183 2459; baseline -0.005 -19"><span class='ocrx_word' id='word_1_89' title='bbox 405 2374 444 2440; x_wconf 91' lang='lat' dir='ltr'><strong>In</strong></span> <span class='ocrx_word' id='word_1_90' title='bbox 466 2375 624 2440; x_wconf 86' lang='lat' dir='ltr'><strong>desertum</strong></span> <span class='ocrx_word' id='word_1_91' title='bbox 645 2373 751 2459; x_wconf 89' lang='lat' dir='ltr'><strong>sepius</strong></span> <span class='ocrx_word' id='word_1_92' title='bbox 773 2373 859 2440; x_wconf 89' lang='lat' dir='ltr'><strong>solus</strong></span> <span class='ocrx_word' id='word_1_93' title='bbox 881 2372 1069 2452; x_wconf 82' lang='lat' dir='ltr'><strong>ambulavit,</strong></span> <span class='ocrx_word' id='word_1_94' title='bbox 1180 2395 1183 2405; x_wconf 70' lang='grc'><em>’</em></span> 
     </span>
     <span class='ocr_line' id='line_1_17' title="bbox 406 2477 1075 2567; baseline -0.006 -22"><span class='ocrx_word' id='word_1_95' title='bbox 406 2480 458 2545; x_wconf 95' lang='lat' dir='ltr'><strong>lbi</strong></span> <span class='ocrx_word' id='word_1_96' title='bbox 479 2481 535 2552; x_wconf 82' lang='lat' dir='ltr'><strong>diu</strong></span> <span class='ocrx_word' id='word_1_97' title='bbox 557 2502 744 2567; x_wconf 77' lang='lat' dir='ltr'><strong>permanens</strong></span> <span class='ocrx_word' id='word_1_98' title='bbox 765 2482 890 2565; x_wconf 85' lang='lat' dir='ltr'><strong>patrem</strong></span> <span class='ocrx_word' id='word_1_99' title='bbox 912 2477 1075 2557; x_wconf 84' lang='lat' dir='ltr'><strong>adoravit3</strong></span> 
     </span>
     <span class='ocr_line' id='line_1_18' title="bbox 406 2584 1066 2672; baseline 0 -21"><span class='ocrx_word' id='word_1_100' title='bbox 406 2586 451 2651; x_wconf 82' lang='lat' dir='ltr'><strong>Et</strong></span> <span class='ocrx_word' id='word_1_101' title='bbox 472 2586 518 2652; x_wconf 92' lang='lat' dir='ltr'><strong>ibi</strong></span> <span class='ocrx_word' id='word_1_102' title='bbox 540 2608 612 2653; x_wconf 88' lang='lat' dir='ltr'><strong>cum</strong></span> <span class='ocrx_word' id='word_1_103' title='bbox 635 2584 757 2672; x_wconf 83' lang='lat' dir='ltr'><strong>angelis</strong></span> <span class='ocrx_word' id='word_1_104' title='bbox 778 2607 853 2671; x_wconf 87' lang='lat' dir='ltr'><strong>sepe</strong></span> <span class='ocrx_word' id='word_1_105' title='bbox 874 2585 1066 2670; x_wconf 83' lang='lat' dir='ltr'><strong>loquebatur</strong></span> 
     </span>
     <span class='ocr_line' id='line_1_19' title="bbox 407 2685 1282 2777; baseline -0.009 -19"><span class='ocrx_word' id='word_1_106' title='bbox 407 2691 439 2758; x_wconf 81' lang='lat' dir='ltr'>A</span> <span class='ocrx_word' id='word_1_107' title='bbox 460 2696 553 2777; x_wconf 91' lang='lat' dir='ltr'><strong>patre</strong></span> <span class='ocrx_word' id='word_1_108' title='bbox 574 2692 680 2761; x_wconf 83' lang='lat' dir='ltr'><strong>missis</strong></span> <span class='ocrx_word' id='word_1_109' title='bbox 702 2692 847 2771; x_wconf 83' lang='lat' dir='ltr'><strong>adeum,</strong></span> <span class='ocrx_word' id='word_1_110' title='bbox 869 2712 926 2775; x_wconf 89' lang='lat' dir='ltr'><strong>per</strong></span> <span class='ocrx_word' id='word_1_111' title='bbox 948 2711 1027 2775; x_wconf 88' lang='lat' dir='ltr'><strong>quos</strong></span> <span class='ocrx_word' id='word_1_112' title='bbox 1047 2685 1282 2755; x_wconf 81' lang='lat' dir='ltr'><strong>consolabatur.</strong></span> 
     </span>
     <span class='ocr_line' id='line_1_20' title="bbox 330 2793 1099 2881; baseline -0.013 -14"><span class='ocrx_word' id='word_1_113' title='bbox 330 2817 381 2857; x_wconf 72' lang='lat'><strong>³³⁶0</strong></span> <span class='ocrx_word' id='word_1_114' title='bbox 409 2797 462 2867; x_wconf 80' lang='lat' dir='ltr'><strong>Ad</strong></span> <span class='ocrx_word' id='word_1_115' title='bbox 482 2797 568 2863; x_wconf 87' lang='lat' dir='ltr'><strong>hune</strong></span> <span class='ocrx_word' id='word_1_116' title='bbox 590 2797 675 2862; x_wconf 92' lang='lat' dir='ltr'><strong>enim</strong></span> <span class='ocrx_word' id='word_1_117' title='bbox 696 2795 803 2881; x_wconf 79' lang='lat' dir='ltr'><strong>angeli</strong></span> <span class='ocrx_word' id='word_1_118' title='bbox 825 2817 898 2879; x_wconf 87' lang='lat' dir='ltr'><strong>sepe</strong></span> <span class='ocrx_word' id='word_1_119' title='bbox 920 2793 1099 2873; x_wconf 77' lang='lat' dir='ltr'><strong>veniebant,</strong></span> 
     </span>
     <span class='ocr_line' id='line_1_21' title="bbox 409 2898 1140 2973; baseline -0.004 -5"><span class='ocrx_word' id='word_1_120' title='bbox 409 2900 647 2968; x_wconf 67' lang='lat' dir='ltr'><strong>consolationes</strong></span> <span class='ocrx_word' id='word_1_121' title='bbox 669 2900 699 2966; x_wconf 90' lang='lat' dir='ltr'><strong>ei</strong></span> <span class='ocrx_word' id='word_1_122' title='bbox 719 2900 838 2973; x_wconf 85' lang='lat' dir='ltr'><strong>multas</strong></span> <span class='ocrx_word' id='word_1_123' title='bbox 860 2898 1030 2965; x_wconf 85' lang='lat' dir='ltr'><strong>faciebant.</strong></span> <span class='ocrx_word' id='word_1_124' title='bbox 1137 2958 1140 2965; x_wconf 75' lang='grc'><strong><em>,</em></strong></span> 
     </span>
     <span class='ocr_line' id='line_1_22' title="bbox 408 3004 1071 3091; baseline -0.003 -21"><span class='ocrx_word' id='word_1_125' title='bbox 408 3006 490 3073; x_wconf 87' lang='lat' dir='ltr'><strong>Illuc</strong></span> <span class='ocrx_word' id='word_1_126' title='bbox 512 3005 574 3071; x_wconf 89' lang='lat' dir='ltr'><strong>sibi</strong></span> <span class='ocrx_word' id='word_1_127' title='bbox 594 3005 726 3076; x_wconf 86' lang='lat' dir='ltr'><strong>celicum</strong></span> <span class='ocrx_word' id='word_1_128' title='bbox 748 3027 862 3091; x_wconf 87' lang='lat' dir='ltr'><strong>panem</strong></span> <span class='ocrx_word' id='word_1_129' title='bbox 885 3004 1071 3083; x_wconf 79' lang='lat' dir='ltr'><strong>deferentes,</strong></span> 
     </span>
     <span class='ocr_line' id='line_1_23' title="bbox 407 3109 1280 3197; baseline -0.001 -21"><span class='ocrx_word' id='word_1_130' title='bbox 407 3110 453 3177; x_wconf 79' lang='lat' dir='ltr'><strong>Et</strong></span> <span class='ocrx_word' id='word_1_131' title='bbox 473 3111 619 3176; x_wconf 86' lang='lat' dir='ltr'><strong>celestem</strong></span> <span class='ocrx_word' id='word_1_132' title='bbox 641 3110 738 3175; x_wconf 86' lang='lat' dir='ltr'><strong>etiam</strong></span> <span class='ocrx_word' id='word_1_133' title='bbox 760 3113 871 3195; x_wconf 88' lang='lat' dir='ltr'><strong>potum</strong></span> <span class='ocrx_word' id='word_1_134' title='bbox 893 3109 1069 3177; x_wconf 87' lang='lat' dir='ltr'><strong>offerentes.</strong></span> <span class='ocrx_word' id='word_1_135' title='bbox 1274 3186 1280 3197; x_wconf 28' lang='grc' dir='ltr'>ι</span> 
     </span>
     <span class='ocr_line' id='line_1_24' title="bbox 410 3213 1213 3299; baseline -0.004 -19"><span class='ocrx_word' id='word_1_136' title='bbox 410 3215 499 3287; x_wconf 78' lang='lat' dir='ltr'><strong>Tune</strong></span> <span class='ocrx_word' id='word_1_137' title='bbox 520 3214 614 3282; x_wconf 86' lang='lat' dir='ltr'><strong>Jesns</strong></span> <span class='ocrx_word' id='word_1_138' title='bbox 635 3215 682 3280; x_wconf 94' lang='lat' dir='ltr'><strong>ibi</strong></span> <span class='ocrx_word' id='word_1_139' title='bbox 703 3215 836 3281; x_wconf 87' lang='lat' dir='ltr'><strong>celicum</strong></span> <span class='ocrx_word' id='word_1_140' title='bbox 857 3237 971 3299; x_wconf 88' lang='lat' dir='ltr'><strong>panem</strong></span> <span class='ocrx_word' id='word_1_141' title='bbox 992 3213 1213 3293; x_wconf 75' lang='lat' dir='ltr'><strong>manducabat,</strong></span> 
     </span>
     <span class='ocr_line' id='line_1_25' title="bbox 333 3319 1147 3407; baseline -0.006 -19"><span class='ocrx_word' id='word_1_142' title='bbox 333 3340 385 3378; x_wconf 69' lang='lat'><strong>³³⁶⁶</strong></span> <span class='ocrx_word' id='word_1_143' title='bbox 413 3320 512 3397; x_wconf 82' lang='lat' dir='ltr'><strong>ouem</strong></span> <span class='ocrx_word' id='word_1_144' title='bbox 533 3323 573 3389; x_wconf 89' lang='lat' dir='ltr'><strong>de</strong></span> <span class='ocrx_word' id='word_1_145' title='bbox 594 3322 668 3387; x_wconf 88' lang='lat' dir='ltr'><strong>eelis</strong></span> <span class='ocrx_word' id='word_1_146' title='bbox 690 3319 822 3407; x_wconf 82' lang='lat' dir='ltr'><strong>angelus</strong></span> <span class='ocrx_word' id='word_1_147' title='bbox 845 3320 908 3391; x_wconf 86' lang='lat' dir='ltr'><strong>sibi</strong></span> <span class='ocrx_word' id='word_1_148' title='bbox 928 3320 1147 3396; x_wconf 82' lang='lat' dir='ltr'><strong>ministrabat3</strong></span> 
     </span>
     <span class='ocr_line' id='line_1_26' title="bbox 412 3423 1289 3512; baseline -0.005 -21"><span class='ocrx_word' id='word_1_149' title='bbox 412 3425 589 3512; x_wconf 89' lang='lat' dir='ltr'><strong>Potumque</strong></span> <span class='ocrx_word' id='word_1_150' title='bbox 611 3428 649 3493; x_wconf 93' lang='lat' dir='ltr'><strong>de</strong></span> <span class='ocrx_word' id='word_1_151' title='bbox 671 3431 762 3512; x_wconf 89' lang='lat' dir='ltr'><strong>patre</strong></span> <span class='ocrx_word' id='word_1_152' title='bbox 783 3427 915 3497; x_wconf 84' lang='lat' dir='ltr'><strong>missum</strong></span> <span class='ocrx_word' id='word_1_153' title='bbox 935 3425 1054 3493; x_wconf 87' lang='lat' dir='ltr'><strong>ibidem</strong></span> <span class='ocrx_word' id='word_1_154' title='bbox 1075 3425 1128 3490; x_wconf 84' lang='lat' dir='ltr'><strong>hie</strong></span> <span class='ocrx_word' id='word_1_155' title='bbox 1149 3423 1289 3502; x_wconf 82' lang='lat' dir='ltr'><strong>bibebat,</strong></span> 
     </span>
     <span class='ocr_line' id='line_1_27' title="bbox 413 3529 1111 3619; baseline -0.003 -23"><span class='ocrx_word' id='word_1_156' title='bbox 413 3530 514 3608; x_wconf 85' lang='lat' dir='ltr'><strong>Quem</strong></span> <span class='ocrx_word' id='word_1_157' title='bbox 534 3532 679 3598; x_wconf 85' lang='lat' dir='ltr'><strong>minister</strong></span> <span class='ocrx_word' id='word_1_158' title='bbox 701 3534 834 3619; x_wconf 80' lang='lat' dir='ltr'><strong>angelus</strong></span> <span class='ocrx_word' id='word_1_159' title='bbox 856 3531 918 3597; x_wconf 88' lang='lat' dir='ltr'><strong>sibi</strong></span> <span class='ocrx_word' id='word_1_160' title='bbox 940 3529 1111 3597; x_wconf 84' lang='lat' dir='ltr'><strong>deferebat.</strong></span> 
     </span>
    </p>
   </div>
   <div class='ocr_carea' id='block_1_6' title="bbox 390 3838 1270 3945">
    <p class='ocr_par' dir='ltr' id='par_1_6' title="bbox 390 3838 1270 3945">
     <span class='ocr_line' id='line_1_28' title="bbox 390 3838 1270 3945; baseline -0.003 -21"><span class='ocrx_word' id='word_1_161' title='bbox 390 3850 444 3925; x_wconf 91' lang='lat' dir='ltr'><strong>De</strong></span> <span class='ocrx_word' id='word_1_162' title='bbox 470 3852 662 3926; x_wconf 88' lang='lat' dir='ltr'><strong>miraculis</strong></span> <span class='ocrx_word' id='word_1_163' title='bbox 688 3874 761 3945; x_wconf 90' lang='lat' dir='ltr'><strong>que</strong></span> <span class='ocrx_word' id='word_1_164' title='bbox 788 3838 879 3925; x_wconf 83' lang='lat' dir='ltr'><strong>fecit</strong></span> <span class='ocrx_word' id='word_1_165' title='bbox 904 3849 1017 3926; x_wconf 81' lang='lat' dir='ltr'><strong>Jesus</strong></span> <span class='ocrx_word' id='word_1_166' title='bbox 1043 3849 1083 3924; x_wconf 94' lang='lat' dir='ltr'><strong>in</strong></span> <span class='ocrx_word' id='word_1_167' title='bbox 1110 3848 1270 3929; x_wconf 71' lang='lat' dir='ltr'><strong>deciae.</strong></span> 
     </span>
    </p>
   </div>
   <div class='ocr_carea' id='block_1_7' title="bbox 339 4057 1189 4557">
    <p class='ocr_par' dir='ltr' id='par_1_7' title="bbox 415 4057 1093 4139">
     <span class='ocr_line' id='line_1_29' title="bbox 415 4057 1093 4139; baseline 0 -15"><span class='ocrx_word' id='word_1_168' title='bbox 415 4057 453 4124; x_wconf 94' lang='lat' dir='ltr'><strong>In</strong></span> <span class='ocrx_word' id='word_1_169' title='bbox 474 4060 540 4125; x_wconf 86' lang='lat' dir='ltr'><strong>istu</strong></span> <span class='ocrx_word' id='word_1_170' title='bbox 562 4060 732 4125; x_wconf 89' lang='lat' dir='ltr'><strong>solitudine</strong></span> <span class='ocrx_word' id='word_1_171' title='bbox 753 4081 818 4124; x_wconf 90' lang='lat' dir='ltr'><strong>non</strong></span> <span class='ocrx_word' id='word_1_172' title='bbox 841 4058 945 4124; x_wconf 86' lang='lat' dir='ltr'><strong>caruit</strong></span> <span class='ocrx_word' id='word_1_173' title='bbox 966 4059 1093 4139; x_wconf 84' lang='lat' dir='ltr'><strong>virtute,</strong></span> 
     </span>
    </p>

    <p class='ocr_par' dir='ltr' id='par_1_8' title="bbox 339 4163 1189 4353">
     <span class='ocr_line' id='line_1_30' title="bbox 415 4163 1189 4247; baseline 0.001 -19"><span class='ocrx_word' id='word_1_174' title='bbox 415 4163 546 4229; x_wconf 85' lang='lat' dir='ltr'><strong>Faciens</strong></span> <span class='ocrx_word' id='word_1_175' title='bbox 568 4164 721 4228; x_wconf 88' lang='lat' dir='ltr'><strong>miracula</strong></span> <span class='ocrx_word' id='word_1_176' title='bbox 742 4163 952 4247; x_wconf 91' lang='lat' dir='ltr'><strong>quorumdam</strong></span> <span class='ocrx_word' id='word_1_177' title='bbox 974 4185 1045 4228; x_wconf 88' lang='lat' dir='ltr'><strong>oum</strong></span> <span class='ocrx_word' id='word_1_178' title='bbox 1067 4164 1189 4242; x_wconf 80' lang='lat' dir='ltr'><strong>salute3</strong></span> 
     </span>
     <span class='ocr_line' id='line_1_31' title="bbox 339 4267 1171 4353; baseline -0.002 -19"><span class='ocrx_word' id='word_1_179' title='bbox 339 4288 391 4327; x_wconf 66' lang='lat'><strong>³³2⁰</strong></span> <span class='ocrx_word' id='word_1_180' title='bbox 416 4267 502 4334; x_wconf 87' lang='lat' dir='ltr'><strong>Nam</strong></span> <span class='ocrx_word' id='word_1_181' title='bbox 524 4270 685 4340; x_wconf 89' lang='lat' dir='ltr'><strong>cuiusdam</strong></span> <span class='ocrx_word' id='word_1_182' title='bbox 707 4268 809 4333; x_wconf 91' lang='lat' dir='ltr'><strong>filium</strong></span> <span class='ocrx_word' id='word_1_183' title='bbox 831 4268 968 4353; x_wconf 87' lang='lat' dir='ltr'><strong>pastoris</strong></span> <span class='ocrx_word' id='word_1_184' title='bbox 991 4267 1171 4352; x_wconf 83' lang='lat' dir='ltr'><strong>deportavit</strong></span> 
     </span>
    </p>

    <p class='ocr_par' dir='ltr' id='par_1_9' title="bbox 416 4372 1079 4459">
     <span class='ocr_line' id='line_1_32' title="bbox 416 4372 1079 4459; baseline -0.003 -20"><span class='ocrx_word' id='word_1_185' title='bbox 416 4372 488 4454; x_wconf 85' lang='lat' dir='ltr'><strong>Leo,</strong></span> <span class='ocrx_word' id='word_1_186' title='bbox 511 4377 602 4459; x_wconf 90' lang='lat' dir='ltr'><strong>pater</strong></span> <span class='ocrx_word' id='word_1_187' title='bbox 624 4373 760 4459; x_wconf 83' lang='lat' dir='ltr'><strong>alonge</strong></span> <span class='ocrx_word' id='word_1_188' title='bbox 783 4396 915 4458; x_wconf 88' lang='lat' dir='ltr'><strong>sequens</strong></span> <span class='ocrx_word' id='word_1_189' title='bbox 938 4373 1079 4439; x_wconf 86' lang='lat' dir='ltr'><strong>eiulavit.</strong></span> 
     </span>
    </p>

    <p class='ocr_par' dir='ltr' id='par_1_10' title="bbox 418 4477 1160 4557">
     <span class='ocr_line' id='line_1_33' title="bbox 418 4477 1160 4557; baseline -0.003 -12"><span class='ocrx_word' id='word_1_190' title='bbox 418 4478 480 4545; x_wconf 87' lang='lat' dir='ltr'><strong>Sed</strong></span> <span class='ocrx_word' id='word_1_191' title='bbox 501 4502 576 4545; x_wconf 86' lang='lat' dir='ltr'><strong>casu</strong></span> <span class='ocrx_word' id='word_1_192' title='bbox 597 4479 732 4545; x_wconf 86' lang='lat' dir='ltr'><strong>fortuito</strong></span> <span class='ocrx_word' id='word_1_193' title='bbox 754 4500 825 4543; x_wconf 90' lang='lat' dir='ltr'><strong>eum</strong></span> <span class='ocrx_word' id='word_1_194' title='bbox 847 4477 957 4544; x_wconf 65' lang='lat' dir='ltr'><strong>«lesum</strong></span> <span class='ocrx_word' id='word_1_195' title='bbox 979 4479 1160 4557; x_wconf 78' lang='lat' dir='ltr'><strong>invenisset,</strong></span> 
     </span>
    </p>
   </div>
   <div class='ocr_carea' id='block_1_8' title="bbox 0 0 1504 5124">
    <p class='ocr_par' dir='ltr' id='par_1_11' title="bbox 0 0 1504 5124">
     <span class='ocr_line' id='line_1_34' title="bbox 0 0 1504 5124; baseline 0 0"><span class='ocrx_word' id='word_1_196' title='bbox 0 0 1504 5124; x_wconf 95' lang='lat' dir='ltr'><strong> </strong></span> 
     </span>
    </p>
   </div>
  </div>
 </body>
</html>
