3000 5125
646 366 709 431 249

419 593 471 718 De
499 645 738 740 dispositione
766 648 933 741 sepulcri.

258 853 361 918 Huius
383 857 489 919 autem
510 854 708 919 monumenti
730 856 909 939 sepulcrum
931 860 999 922 erat
1020 857 1095 939 tale,

181 978 233 1015 ⁷⁴0⁶
259 957 297 1023 ln
320 982 383 1043 quo
405 960 544 1024 locatum
565 959 670 1025 fuerat
691 982 805 1045 corpus
827 960 1001 1047 virginale:

259 1063 353 1148 Lapis
376 1065 526 1149 quiddam
547 1064 678 1149 pulcher
700 1070 771 1131 erat
791 1066 909 1150 politus
932 1072 964 1133 et
987 1068 1170 1153 quadratus,

260 1169 305 1233 Et
328 1171 368 1236 ad
389 1191 569 1235 mensuram
590 1170 731 1235 hominis
750 1171 866 1257 longus
888 1177 920 1237 et
942 1177 1081 1237 cavatus.

260 1274 354 1340 Parte
375 1275 440 1341 fuit
461 1277 588 1361 patulus
611 1277 645 1341 in
667 1277 822 1361 superiori

261 1381 311 1446 Ex
333 1403 366 1446 se
387 1382 522 1447 fundum
543 1403 636 1447 suum
657 1381 778 1447 habens
800 1382 835 1447 in
856 1382 1010 1464 inferiori,

181 1506 234 1541 ⁷41⁰
261 1485 358 1550 Latus
378 1490 411 1552 et
433 1487 670 1572 quadrangulus
692 1487 774 1572 lapis
797 1488 974 1572 ponebatur

261 1591 403 1675 Desuper
425 1595 457 1656 et
478 1593 538 1657 hoc
562 1592 740 1677 sepulcrum
762 1592 809 1659 ita
830 1593 1010 1678 tegebatur,

262 1696 309 1763 Ut
330 1719 387 1762 nec
408 1700 493 1762 terra
514 1719 616 1781 neque
638 1698 743 1781 pulvis
765 1698 852 1763 intus
873 1697 1042 1779 laberetur,

159 1845 161 1848 v
263 1802 323 1867 Per
346 1803 430 1886 quod
451 1801 512 1867 hoc
534 1798 767 1868 sanctissimum
786 1793 903 1888 'corpus'
923 1793 1124 1871 fuscareturs

103 2120 211 2230 Quod
220 2122 377 2215 apostoli
388 2101 625 2196 excubabant
637 2123 734 2195 circa
742 2124 1249 2218 sepulcrumMarievirginis.

265 2331 386 2415 Corpus
408 2354 484 2417 ergo
507 2332 642 2417 virginis
664 2332 778 2416 pannis
800 2333 980 2398 involutum

187 2456 239 2495 7⁴1⁵
265 2436 396 2527 Necnon
418 2439 612 2504 aromatibus
635 2439 797 2503 conditum
820 2442 852 2502 et
873 2438 1041 2520 imbutum,

262 2542 444 2609 Predictum
465 2544 499 2608 in
521 2543 723 2629 sarcofagum
745 2544 881 2628 apostoli
904 2544 1074 2628 ponebant,
1204 2560 1207 2565 ⁴

261 2649 369 2735 Atque
389 2650 492 2714 latum
513 2650 651 2734 lapidem
674 2650 807 2733 desuper
828 2650 988 2734 tegebant.

262 2756 453 2840 Ipsiquoque
474 2755 558 2820 circa
579 2756 722 2820 tumbam
745 2755 893 2819 sederunt
915 2754 1104 2820 excubantes

262 2860 299 2925 In
323 2861 519 2925 orationibus
542 2865 574 2926 et
596 2860 722 2945 hymnis
745 2860 963 2943 prestolantes,

185 2987 237 3023 τωο
264 2965 372 3050 Usque
393 2967 475 3030 diem
499 2966 637 3044 tertium,
661 2970 698 3029 ut
720 2965 852 3049 angelus
874 2965 1006 3041 veniret,
1098 2948 1100 2951 ⁸

263 3072 307 3136 Et
329 3072 479 3136 reducens
502 3071 639 3135 animam
662 3093 788 3134 rursum
810 3070 892 3135 hanc
915 3069 1019 3133 uniret
1108 3068 1114 3077 '

264 3177 405 3260 Corpori,
429 3175 474 3241 sic
495 3176 611 3241 iterum
633 3175 770 3240 Mariam
792 3175 964 3240 redivivam

265 3280 361 3346 Suam
384 3280 476 3346 Jesus
499 3283 636 3367 gloriam
657 3282 818 3347 reduceret
841 3282 874 3345 in
898 3282 1012 3359 divam,

265 3386 333 3452 Nec
355 3387 451 3451 etiam
474 3410 493 3451 a
514 3388 639 3452 tumulo
661 3388 760 3451 nubes
783 3385 955 3465 recedebat,

187 3513 238 3548 rna
265 3491 428 3576 Apostolis
450 3493 662 3572 manentibus,
687 3497 718 3558 et
739 3492 809 3575 ipsa
831 3491 1044 3575 permanebat.

180 3811 284 3897 Quod
307 3812 418 3885 Jesus
446 3811 650 3904 assumpsit
678 3831 811 3903 corpus
837 3808 957 3878 Marie
983 3808 1022 3877 in
1050 3805 1180 3878 celum.

266 4022 343 4087 Post
365 4023 425 4087 hoc
448 4025 554 4086 autem
575 4019 609 4083 in
632 4039 747 4083 aurora
769 4015 863 4080 tertie
885 4015 946 4079 diei

266 4126 430 4213 Apostolis
452 4125 633 4192 sedentibus
656 4125 695 4188 ad
717 4122 862 4187 tumbam
884 4120 995 4185 matris
1018 4117 1077 4195 dei,

266 4230 395 4317 lpsique
418 4256 489 4298 cum
511 4232 610 4297 nimio
632 4251 744 4313 sopore
766 4231 983 4312 premerentur

266 4336 311 4401 Et
333 4360 442 4402 eorum
464 4336 547 4402 oculi
569 4355 679 4400 somno
702 4336 921 4418 gravarentur,

188 4462 239 4499 ⁷⁴⁸0
267 4441 356 4508 Tunc
378 4465 450 4509 cum
472 4439 676 4507 multitudine
698 4436 787 4503 venit
809 4435 995 4521 angelorum
