3000 5125
795 369 858 443 us

409 546 528 617 'lamen
550 547 600 617 die
621 550 719 617 tertia
740 572 905 635 resurgam
926 556 959 617 te
981 549 1115 619 visurus.

407 655 560 720 Attamen
583 656 727 740 relinquo
749 655 810 718 tibi
832 655 896 719 iam
918 657 1147 723 consolatorem

332 779 384 817 ⁶2⁶⁶
409 761 454 825 Et
476 761 516 824 nd
537 760 712 825 necessarie
734 764 792 823 tus
814 759 1007 843 provisorem

408 863 589 932 Johannem
609 867 695 930 hunc
717 864 915 948 discipulum,
940 866 1108 951 virginem,
1131 866 1277 946 electum,

408 969 532 1036 Sororis
553 975 607 1036 tue
629 970 731 1035 filium
753 970 895 1054 mihique
917 971 1086 1050 dilectum

408 1075 470 1140 Hic
492 1076 535 1141 sit
555 1076 617 1139 tibi
639 1075 734 1153 filius,
758 1078 795 1138 tu
816 1075 921 1159 sisque
943 1076 1005 1140 sibi
1026 1080 1138 1153 mater,

409 1179 491 1245 Loco
514 1181 577 1246 mei
598 1180 647 1243 tui
668 1201 778 1244 curam
799 1180 852 1244 hic
873 1185 963 1266 geret
985 1182 1068 1245 sicut
1089 1186 1189 1266 pater.

332 1305 383 1342 ⁶2³0
409 1286 498 1370 Ergo
519 1287 572 1369 pia
594 1290 696 1349 mater
718 1307 789 1349 mea
810 1285 844 1349 in
865 1285 936 1350 istis
957 1287 1139 1365 consoleris,

409 1392 454 1456 Et
474 1414 532 1476 pro
554 1413 624 1455 meo
646 1392 788 1454 cruciatu
810 1412 875 1454 nou
897 1393 1024 1455 tentum
1047 1391 1239 1456 tribuleris«

294 1690 399 1776 Quod
426 1691 536 1764 Jesus
563 1690 843 1764 commendavit
868 1693 1032 1762 matrem
1059 1711 1167 1761 suam
1194 1688 1365 1761 Johanni

704 1813 948 1907 evangeliste.

411 2021 503 2087 quta
527 2043 649 2085 crucem
673 2025 761 2085 stans
783 2019 946 2086 Johanues
968 2021 1061 2086 corde
1082 2022 1177 2086 nimis
1200 2022 1296 2101 tristi,

411 2127 546 2211 Lageus,
570 2125 708 2208 plorans,
731 2126 944 2209 deplangebat
965 2126 1144 2209 passionem
1167 2125 1310 2192 Christis

410 2231 460 2295 Ad
482 2230 662 2295 Johannem
683 2228 776 2295 Jesus
799 2230 862 2295 ait:
887 2230 1078 2311 >lohannes
1101 2255 1121 2297 o
1144 2233 1252 2312 amice,

331 2353 383 2391 ⁵2⁶⁶
410 2335 582 2400 Committe
603 2335 664 2398 tibi
686 2339 819 2399 matrem
838 2358 955 2415 meam„
978 2341 1016 2402 ut
1038 2342 1075 2403 tu
1096 2338 1158 2401 mei
1179 2338 1248 2402 vice

409 2439 494 2504 Huic
514 2440 642 2517 servias,
664 2439 829 2523 provideas
851 2445 883 2504 et
906 2443 1005 2524 prosis
1027 2442 1096 2506 loeo
1117 2442 1190 2522 mei,

410 2543 521 2629 Sitque
543 2546 603 2610 tibi
626 2545 716 2629 quasi
738 2548 850 2624 mater,
874 2550 911 2610 ut
932 2545 1017 2611 filius
1040 2548 1083 2612 sis
1108 2548 1167 2612 ei.‹

410 2648 611 2734 Respondere
633 2674 689 2735 pre
712 2650 820 2715 dolore
842 2650 1005 2717 lohannes
1027 2674 1091 2716 non
1115 2653 1251 2733 valebat,

409 2754 580 2839 Respirans
602 2761 708 2819 tamen
731 2755 896 2838 paululum
919 2756 959 2820 ad
981 2757 1144 2821 dominum
1166 2757 1309 2822 dicebat:

334 2879 387 2916 suo
417 2859 464 2924 »Ο
488 2862 599 2926 dilecte
621 2862 756 2939 domine,
780 2861 941 2945 dulcisque
963 2861 1125 2946 magister,

408 2965 500 3042 Quod
522 2966 667 3050 precipio,
689 2966 749 3029 hoc
771 2966 853 3030 facio
877 2966 1012 3031 libenter
1033 2971 1066 3031 et
1088 2967 1235 3032 minister

408 3072 475 3137 Ero
496 3077 551 3136 tue
573 3072 624 3154 pie
644 3072 768 3149 matris,
791 3071 955 3155 ipsamque
977 3072 1091 3137 tenebo

409 3174 498 3239 Sicut
519 3197 622 3240 meam
644 3175 813 3254 dominam,
836 3176 960 3259 sibique
983 3176 1120 3259 prebebo

408 3279 529 3344 Cuncta
550 3280 724 3344 necessaria
746 3301 916 3363 curemque
938 3282 1076 3365 gerendo

332 3402 383 3439 ⁶2⁷⁶
409 3384 488 3448 llius
512 3388 607 3467 atque
629 3388 809 3448 reverenter
830 3384 892 3448 sibi
914 3384 1109 3449 serviendos

409 3491 646 3575 Pluresquoque
668 3491 758 3555 iuxta
780 3512 904 3555 crucem
927 3491 1044 3556 femine
1066 3494 1232 3571 steterunt,

408 3595 457 3659 De
481 3595 603 3661 Galilea
623 3597 752 3661 domino
775 3600 879 3662 secute
901 3619 962 3682 que
984 3595 1124 3674 fuerunt,

408 3698 538 3765 Sorores
559 3702 619 3765 due
641 3702 776 3786 virginis
799 3706 894 3786 atque
916 3702 1115 3788 Magdeleue‚

409 3805 476 3881 Que
498 3806 605 3870 stabat
626 3808 671 3869 ibi
693 3808 772 3872 flens
794 3812 827 3872 et
849 3808 958 3872 dolens
980 3810 1089 3874 dolore
1111 3808 1213 3872 combis
1235 3806 1340 3892 plena,

332 3928 383 3966 ⁶2³0
411 3909 540 3975 Sorores
562 3932 686 3995 quoque
707 3911 827 3991 Lazari,
851 3911 981 3977 Martha
1002 3935 1074 3977 cum
1095 3912 1209 3991 Maria,
1475 3910 1476 3941 v

412 4016 472 4080 Pro
495 4016 594 4080 dulcis
616 4014 693 4081 Jesu
716 4040 778 4102 que
804 4018 959 4103 lugebant
980 4019 1092 4083 mortis
1115 4018 1240 4103 agonia.

408 4120 571 4204 Multeque
594 4121 739 4186 mulieres
762 4123 891 4187 stabant
911 4122 958 4186 ibi
981 4122 1102 4202 flentes,

409 4226 457 4291 De
480 4226 624 4310 passione
646 4227 765 4291 domini
787 4229 921 4293 nimium
944 4227 1094 4293 dolentes.

409 4332 543 4408 Quidam
567 4355 605 4396 ex
629 4331 790 4416 discipulis
813 4338 904 4398 erant
925 4333 971 4398 ibi
995 4336 1115 4398 stantes

330 4455 381 4493 ⁵2⁸⁵
409 4436 591 4502 Passionem
613 4437 733 4501 domini
756 4439 805 4502 sui
828 4440 1046 4505 lamentantes.
