3000 5125
787 375 835 445 84

438 662 542 748 Quod
562 663 664 736 idola
691 662 943 758 Egyptiorum
971 661 1199 736 oeciderunt.

402 873 480 938 Post
501 872 562 937 hoc
583 855 720 956 Splenen
743 872 905 937 civitatem
927 893 1080 957 magnam
1102 873 1316 953 intraverunt,
1369 945 1372 950 ‚

325 998 376 1035 2³⁴5
402 977 468 1045 Ubi
491 977 615 1041 nullum
637 977 798 1041 hominem
821 976 946 1051 fidelem
970 978 1169 1043 invenerunt.

404 1083 494 1167 lpsos
516 1082 572 1168 qui
595 1082 735 1167 hospitio
759 1083 912 1166 reciperet
935 1082 985 1147 rel
1007 1086 1091 1148 tecto

402 1186 498 1252 Omni
520 1186 668 1251 idolatrie
690 1186 809 1271 populo
833 1187 984 1252 subiecto.

401 1291 462 1358 Sed
485 1292 525 1356 ad
548 1291 706 1375 quoddam
726 1291 884 1356 idolorum
905 1292 1061 1376 templum
1083 1293 1294 1372 divertebant,

402 1399 447 1463 Et
468 1399 502 1461 in
525 1397 662 1481 quadam
685 1397 808 1480 porticu
832 1397 944 1481 templi
967 1398 1174 1462 remanebant

326 1525 378 1560 nso
406 1502 466 1567 Per
488 1505 614 1565 noctem
636 1501 725 1564 illam
748 1523 848 1585 usque
870 1525 973 1581 marre,
996 1504 1094 1567 donec
1117 1503 1325 1567 convenirent

406 1608 547 1673 Gentiles
570 1610 666 1690 atque
689 1607 801 1690 templi
824 1608 873 1671 sui
896 1607 979 1672 fores
1003 1609 1172 1692 aperirent.

309 1729 318 1745 ⁴
406 1714 496 1779 Tunc
519 1715 632 1776 cuncta
653 1734 710 1775 sua
732 1716 883 1795 reperunt
905 1712 991 1777 idola
1014 1713 1144 1792 deiecta,

405 1819 514 1903 Atque
535 1816 671 1902 sparsim
693 1840 788 1901 super
810 1822 930 1882 terram
951 1818 1079 1903 singula
1101 1820 1250 1904 proiecta.

406 1926 489 1990 Deos
512 1945 586 1988 snos
608 1924 654 1988 sie
676 1923 825 1989 confusos
847 1923 988 1989 ridentes
1010 1924 1150 1990 universi

328 2052 380 2088 2³⁶⁶
400 2025 446 2095 ‘In
468 2034 629 2114 stuporem
653 2033 686 2094 et
707 2028 856 2093 timorem
877 2050 1031 2114 magnum
1053 2036 1128 2094 sunt
1151 2033 1303 2097 conversi.

405 2135 491 2201 Nam
513 2138 656 2199 trecenta
678 2133 913 2219 quinquaginta
935 2135 1063 2200 fuerant
1085 2143 1189 2201 erecta

335 2323 338 2329 ἢ
406 2241 467 2306 Per
488 2240 643 2323 templum
664 2238 725 2303 hoc
747 2240 917 2304 simulacra
945 2263 1006 2325 quc
1028 2245 1142 2306 cuncta
1164 2246 1239 2306 sunt
1262 2242 1398 2320 deiecta

408 2346 470 2412 Sed
490 2347 590 2410 totins
613 2345 753 2410 civitatis
775 2347 859 2418 cives
880 2352 1103 2412 concurrentes

406 2450 579 2518 Universos
602 2452 675 2516 deos
698 2473 771 2516 suos
793 2457 970 2536 prostratos
993 2453 1037 2517 sic
1060 2452 1202 2518 videntes

328 2579 380 2615 neco
407 2556 584 2623 Dixerunt:
608 2556 685 2633 Quis
707 2560 775 2621 tam
797 2560 909 2642 potens
933 2562 981 2623 est
1003 2557 1037 2622 in
1059 2562 1145 2623 terra
1168 2557 1217 2623 vel
1239 2559 1273 2621 in
1297 2556 1375 2637 celo,

409 2652 469 2740 Qui
491 2664 535 2728 sit
557 2686 651 2728 ausus
674 2668 787 2727 contra
809 2663 883 2727 deos
906 2669 1032 2728 nostros
1055 2667 1147 2727 tanto
1170 2663 1236 2727 zelo

406 2768 538 2833 Manum
561 2791 651 2833 suam
673 2768 804 2848 elevare,
828 2770 913 2854 quod
935 2790 987 2834 eos
1010 2769 1055 2834 sic
1078 2773 1269 2853 prostemat‚

407 2876 590 2958 Eorumque
612 2875 788 2958 potentiam
811 2874 858 2938 nil
880 2873 1021 2939 timendo
1043 2877 1193 2958 spernat?

407 2979 455 3047 Ac
477 2980 642 3044 universus
665 2979 801 3062 populus
824 2979 969 3043 eiulando
992 2979 1099 3058 flebat,

331 3106 382 3143 aaa
410 3085 550 3161 Quilibet
572 3085 612 3148 ad
634 3085 771 3148 alterum
793 3085 908 3149 timens
930 3084 988 3149 hec
1011 3084 1154 3148 dicebat:

408 3190 457 3255 Ve
468 3191 570 3269 nobis,
588 3189 663 3273 quid
678 3191 823 3253 futurum
839 3193 887 3253 est
901 3211 958 3272 per
973 3189 1102 3274 signum
1116 3192 1183 3253 tam
1195 3191 1395 3273 stupendum,

410 3298 517 3380 Atque
540 3318 595 3379 per
617 3295 800 3380 prodigium
822 3294 882 3359 hoc
905 3294 1026 3359 cunctis
1050 3297 1262 3374 metuendum,

411 3400 544 3468 Utinam
567 3423 607 3464 ne
629 3400 737 3465 veniat
759 3401 793 3464 in
816 3422 873 3465 nos
896 3400 1033 3466 exitialis
1358 3456 1361 3465 ,

410 3505 511 3592 Plaga
534 3505 693 3592 quondam
716 3529 778 3592 que
799 3507 956 3591 percussit
979 3506 1136 3592 Egyptios
1159 3511 1208 3571 tot
1231 3507 1343 3572 malis!

332 3632 383 3668 2³⁷0
411 3612 488 3688 Quis
511 3613 595 3676 enim
617 3612 672 3676 ille
694 3612 770 3676 deus
792 3616 841 3675 est
863 3615 930 3675 tam
953 3616 1065 3694 potens
1088 3617 1120 3676 et
1142 3614 1328 3696 stupendus,

411 3718 473 3794 Qui
495 3740 559 3782 non
582 3717 685 3781 solum
708 3716 801 3781 nobis
824 3721 872 3781 est
894 3717 947 3781 sed
970 3717 1088 3781 nostris
1111 3717 1171 3782 diis
1194 3719 1378 3782 timendus?

411 3823 471 3889 Sed
494 3846 533 3888 ex
555 3823 606 3887 his
630 3822 776 3887 dicebant
799 3823 944 3906 quidam:
980 3821 1031 3886 Dii
1055 3822 1151 3886 maris
1167 3825 1398 3907 pugnaverunt,

410 3930 490 3995 Cum
511 3928 571 3993 diis
594 3933 677 3993 terre
699 3928 882 4012 preliantes,
906 3927 1011 3992 ethis
1033 3928 1270 4012 prevaluerunt.

410 4036 454 4100 Et
477 4035 626 4099 dixerunt
648 4034 720 4097 alii:
742 4032 829 4099 Nori
851 4034 895 4098 dii
919 4039 1073 4099 venerunt

332 4160 384 4197 2³⁷⁶
411 4139 449 4205 In
472 4139 636 4225 Egyptum
659 4143 755 4223 atque
777 4143 903 4203 nostros
926 4140 999 4204 deos
1023 4139 1232 4224 expulerunt;

411 4243 496 4310 Nam
519 4266 576 4328 per
597 4247 700 4308 totam
722 4246 884 4329 regionem
907 4249 1064 4329 quotquot
1086 4250 1162 4310 tuno
1184 4246 1315 4310 fuerunt

412 4350 626 4435 Egyptiorum
647 4348 734 4414 idola
756 4355 869 4415 cuneta
892 4355 1088 4416 corruerunt.

411 4454 449 4520 In
471 4455 602 4541 Egypto
624 4477 687 4520 non
710 4461 758 4521 est
781 4457 945 4543 templum,
967 4457 1108 4521 immune
1131 4456 1215 4541 quod
1237 4458 1387 4535 maneret,
