3000 5125
784 332 845 406 192

391 515 452 586 Sed
476 516 587 585 Petrus
610 517 681 603 plus
703 516 755 581 his
778 514 926 580 omnibus
950 512 1114 597 plangens,
1139 510 1219 575 flens
1241 505 1393 595 lugebat,

391 625 436 690 Et
458 647 530 690 cum
552 623 662 688 multis
683 620 823 686 lacrimis
846 619 885 684 ad
908 618 1072 682 dominum
1093 615 1235 681 dicebat:

314 749 366 786 ὑπο
392 728 448 809 Ve,
472 751 509 794 ve
531 728 621 808 mihi,
643 727 770 792 domine
792 726 846 804 mi,
875 723 976 789 duleis
998 727 1030 788 et
1052 722 1175 802 dilecte,

393 832 441 899 Ve
462 834 501 898 de
522 837 579 898 tua
601 832 746 916 passione
769 829 880 904 mortis
902 831 969 893 tam
991 828 1153 912 despecte!

392 937 419 1003 0
441 939 513 1023 quis
534 937 615 1001 mihi
637 935 784 1001 lacrimas
805 933 928 999 tribuat
950 936 988 997 ut
1008 931 1084 996 flere

392 1044 529 1109 Mortem
551 1042 614 1107 mei
636 1040 755 1107 domini
777 1039 896 1123 possim
917 1042 950 1103 et
971 1038 1103 1121 lugere?

393 1146 451 1227 Ve,
473 1170 511 1212 ve
533 1146 614 1211 mihi
635 1146 762 1225 misero,
784 1144 943 1229 quomodo
965 1142 1080 1227 reliqui

316 1271 367 1307 ⁶24⁶
395 1250 506 1316 Solum
526 1274 632 1317 meum
653 1251 817 1316 dominum
838 1250 872 1312 in
893 1248 1040 1313 manibus
1062 1246 1164 1332 iniqui

394 1355 509 1441 Populi
531 1356 684 1422 Judaici?
707 1377 764 1419 cur
785 1376 851 1418 non
873 1374 923 1417 me
945 1352 1106 1437 captivum

394 1459 472 1525 Cum
495 1461 565 1544 ipso
588 1461 685 1526 dedi?
710 1459 781 1544 quis
804 1481 855 1523 me
877 1457 974 1522 timor
995 1456 1072 1522 feeit
1095 1455 1298 1542 fugitivum?

394 1564 467 1631 Heu
487 1589 538 1631 me
559 1566 737 1631 miserimol
761 1587 818 1629 cur
839 1564 934 1628 fidem
955 1562 1081 1643 violavi,

396 1669 459 1735 Our
481 1671 566 1735 dulci
586 1692 657 1735 meo
678 1670 807 1735 domino
828 1671 958 1754 pactum
979 1689 1044 1731 non
1068 1667 1225 1732 servavi?-

318 1795 369 1832 πω
395 1774 434 1840 In
456 1759 735 1841 suaneecessitate
758 1773 892 1839 articulo
913 1772 1037 1859 negavi,

397 1881 551 1949 Amicum.
568 1885 663 1965 atque
685 1881 847 1945 dominum
870 1901 934 1944 non
957 1899 1048 1943 nosse
1070 1898 1121 1942 me
1142 1873 1257 1956 iuravi,

396 1986 474 2052 Cum
497 1990 603 2050 tamen
625 1986 825 2070 promiserim
844 2006 895 2049 me
917 2005 1023 2048 secum
1046 1982 1125 2048 velle
1147 1979 1229 2046 mori

395 2090 440 2155 Et
461 2113 519 2175 pro
541 2113 577 2156 eo
600 2090 712 2155 vellem
734 2090 846 2177 mortis¹
867 2110 918 2154 me
939 2088 1073 2154 subdere
1095 2087 1216 2152 dolori!

395 2195 456 2261 Pre
477 2195 598 2260 cunctis
619 2194 841 2279 condiscipulis
863 2216 914 2259 me
934 2194 1042 2272 solum
1060 2192 1261 2271 extollebam,

318 2320 370 2357 ⁶⁷⁶⁶
396 2300 482 2367 Nam
503 2306 743 2385 presumptuose
765 2300 860 2364 nimis
883 2300 923 2364 ad
944 2300 1050 2383 ipsum
1071 2298 1132 2363 hoc
1154 2296 1322 2361 dicebam:

402 2405 485 2469 »m
506 2406 533 2470 si
556 2427 664 2471 omnes
685 2405 807 2470 fuerint
828 2405 862 2468 in
885 2408 917 2469 te
940 2403 1154 2483 scandalizati,

396 2510 468 2598 Ego
490 2532 554 2577 non
576 2510 822 2590 scandalizabor,
844 2531 902 2595 pro
925 2518 957 2575 te
979 2508 1051 2575 volo
1075 2508 1142 2594 pati
1155 2509 1204 2573 l«

400 2615 481 2683 Fece
502 2615 669 2679 temeraria
690 2614 785 2679 modo
807 2637 877 2678 mea
899 2618 987 2698 patet

398 2719 608 2804 Presumptio,
630 2719 763 2804 perfidia
785 2741 855 2783 mea
877 2718 942 2783 iam
964 2740 1028 2784 non
1049 2718 1138 2799 latet,

322 2844 373 2882 creo
400 2825 482 2903 Quia
504 2827 619 2909 pendet
641 2848 747 2890 coram
769 2848 819 2890 me
841 2829 943 2891 morte
965 2825 1201 2904 condemnatus,

400 2929 461 2996 Sed
482 2929 618 2995 infidelis
641 2932 708 3015 ego'
722 2953 793 2995 sum
815 2931 855 2994 ab
877 2931 946 3014 ipso
969 2934 1192 3016 sequestratus.

398 3033 457 3114 Ve,
481 3058 519 3099 ve
541 3034 621 3099 mihi
642 3035 769 3114 misero,¹
791 3056 847 3099 cur
869 3036 1047 3120 apostatavi

398 3140 428 3202 A
450 3138 530 3204 Jesu
551 3138 688 3218 Christo,
710 3140 768 3204 deo
790 3162 878 3218 meo,
902 3161 957 3204 cur
978 3141 1073 3205 miser
1095 3140 1180 3205 hunc
1201 3140 1346 3227 negavi?

399 3243 513 3309 Melius
535 3244 603 3327 ipse
625 3245 715 3309 novit
736 3267 787 3308 me
811 3267 907 3329 quam
930 3249 1055 3330 egomet
1078 3268 1127 3310 me
1150 3267 1289 3324 nossem,

321 3368 373 3405 ⁵⁷⁰⁵
400 3347 472 3433 Ipse
494 3349 586 3413 scivit
608 3348 720 3413 melius
743 3370 840 3433 quam
863 3353 988 3433 egomet
1011 3349 1087 3434 quid
1109 3371 1246 3434 possem;

400 3453 485 3518 Nam
508 3454 645 3538 predixit
668 3455 751 3538 quod
775 3477 847 3519 enm
870 3454 971 3520 forem
992 3460 1177 3541 negaturus,

399 3558 444 3622 Et
467 3559 551 3643 quod
573 3559 613 3624 ab
636 3581 673 3624 eo
695 3549 822 3645 fugiens
846 3559 931 3625 hune
953 3583 1053 3626 essem
1074 3560 1251 3626 relicturus.

400 3663 458 3743 Ve,
482 3686 520 3729 ve
543 3646 632 3746 mihi,
656 3665 740 3749 quod
760 3665 800 3729 ad
822 3687 930 3730 vocem
952 3666 1024 3730 vilis
1047 3665 1189 3731 mulieris

400 3767 526 3855 Negavi
548 3793 654 3836 meum
676 3769 839 3835 dominum
861 3771 966 3836 verbis
988 3771 1171 3836 insinceris!

320 3894 374 3931 ⁶⁷⁷⁰
401 3873 458 3954 Ve,
483 3878 566 3959 quod
590 3898 645 3960 per
669 3876 828 3959 pontificis
852 3876 1039 3942 vilissimum
1063 3877 1244 3942 ministrum

400 3978 528 4065 Negare
551 4003 655 4045 meum
679 3981 766 4045 volui
787 3982 985 4047 carissimum
1005 3983 1231 4068 magistrnml.

402 4082 460 4164 Ve,
483 4086 569 4151 cordi
593 4108 663 4151 meo
684 4086 810 4167 misero,
834 4086 905 4172 quis
928 4110 978 4153 me
1001 4087 1170 4152 fascinavit

401 4187 528 4275 Negare
550 4213 656 4255 meum
678 4192 851 4272 dominum,
875 4193 931 4278 qui
954 4192 1049 4258 verbo
1071 4214 1123 4258 me
1144 4190 1287 4256 creavit?

402 4294 517 4359 infelix
540 4318 595 4360 cur
617 4318 681 4360 non
704 4296 776 4361 dedi
798 4320 848 4363 me
870 4320 942 4363 cum
964 4299 1034 4383 ipso
1056 4295 1220 4382 captivari,

322 4415 374 4459 ⁶⁷⁷⁶
401 4396 448 4467 Ut
469 4399 509 4463 ab
533 4399 593 4466 hac
616 4402 683 4465 vita
704 4401 820 4468 misera
841 4426 913 4469 cum
935 4428 971 4470 eo
995 4403 1123 4479 liberari
