3000 5125
801 360 863 426 106

369 595 372 604 ,
411 533 578 601 Crescente
599 534 678 600 Jesu
699 535 809 600 tunica
830 535 930 601 erevit
952 539 985 601 et
1007 538 1164 601 sauram

334 658 386 695 ³⁰⁶⁶
413 638 589 705 Secundum
613 639 691 705 Jesu
713 642 855 726 corporis
876 642 1017 708 retinens
1038 658 1231 710 mensuram.

409 745 478 811 Hec
500 745 608 810 tunica
631 769 695 810 non
715 746 810 812 viluit
832 752 1020 833 consumpta
1042 751 1212 827 vetustate,

410 849 471 916 Sed
493 873 616 936 semper
637 852 756 917 mansit
777 853 903 939 integra
925 875 997 918 cum
1020 853 1126 937 prima
1147 855 1297 920 novitate.

409 954 477 1022 Nec
499 960 625 1022 vetusta
648 958 781 1041 putruit,
805 981 862 1023 nec
883 961 1139 1040 consumebatur,

410 1061 478 1128 Nec
499 1062 586 1127 faeta
606 1062 670 1127 fuit
691 1064 795 1142 vilior,
819 1085 876 1129 nec
898 1064 1108 1132 lacerabatur.

331 1187 383 1224 ³⁰⁶0
410 1167 516 1253 Ipsam
538 1165 633 1233 Jesus
654 1169 759 1232 tenmt
781 1191 904 1254 semper
925 1170 986 1235 hac
1007 1157 1138 1235 indutus

408 1272 470 1339 Per
491 1277 627 1340 mortem
644 1273 748 1339 'donec
770 1296 900 1360 corpore
922 1275 1006 1341 foret
1028 1277 1089 1342 hoc
1111 1280 1234 1342 exutus.

137 1586 140 1592 ’
253 1573 358 1660 Quod
392 1576 503 1651 Jesus
539 1579 708 1652 ascendit
734 1580 948 1652 Jerusalem
988 1600 1072 1652 cum
1111 1556 1319 1653 duodecim
1335 1600 1392 1649 an·

543 1689 579 1762 's
689 1725 823 1774 norum
851 1705 961 1777 esset.

409 1906 489 1972 Cum
510 1907 603 1973 Jesus
625 1931 704 1993 puer
724 1906 830 1972 factus
851 1912 900 1973 est
923 1908 1093 1974 duodecim
1110 1930 1277 1988 annorum,

410 2011 564 2079 Ascendit
585 2015 619 2077 in
642 2013 820 2079 Jerusalem
843 2015 882 2078 ad
905 2012 1023 2078 festum
1045 2012 1221 2078 Judeorum

409 2117 482 2184 Suis
504 2141 573 2184 cum
597 2119 793 2204 parentibus,
818 2119 874 2205 qui
895 2122 1066 2205 postquam
1087 2123 1280 2205 peregerunt

329 2240 381 2278 ³⁰⁶⁶
407 2222 495 2288 Festi
516 2225 775 2290 consuetudinem
798 2225 927 2289 domum
949 2224 1121 2289 redierunt.

337 2321 339 2326 ⁴
407 2328 528 2393 Mansit
551 2334 657 2395 eutem
679 2352 757 2414 puer
779 2329 872 2395 Jesus
894 2330 930 2394 in
952 2329 1082 2413 templo,
1106 2330 1264 2394 nesciente

407 2434 512 2500 Matre
534 2457 684 2500 succum
707 2433 828 2520 Joseph
848 2436 978 2500 domum
1003 2438 1199 2512 revertente3

406 2538 444 2605 In
468 2540 621 2607 comitatu
641 2541 776 2626 puerum
799 2541 957 2626 putabant
980 2563 1054 2606 nam
1078 2541 1179 2607 redire

407 2645 487 2711 (lum
509 2648 654 2731 cognatis
676 2647 743 2711 sive
765 2647 849 2711 notis
872 2647 923 2711 vel
944 2668 1016 2711 cum
1040 2647 1149 2711 amicis
1172 2648 1227 2713 ire.

329 2769 381 2808 ³0⁷⁰
409 2750 470 2818 Sed
493 2774 564 2817 cnm
586 2752 647 2817 iter
669 2753 734 2816 iam
755 2751 850 2816 unius
872 2752 934 2817 diei
956 2752 1188 2831 transivissent‚

406 2859 451 2923 Et
474 2863 640 2943 querentes
662 2880 795 2942 puerum
818 2879 975 2943 nusquam
996 2858 1201 2937 invenissent,

406 2961 537 3028 Iverunt
558 2964 592 3027 in
614 2963 792 3029 Jerusalem
814 2964 878 3028 cito
902 2967 1105 3043 revertentes,

406 3067 517 3152 Usque
539 3068 619 3134 diem
643 3069 774 3133 tertium
797 3068 881 3133 huno
902 3069 948 3134 ibi
971 3070 1175 3153 requirentes.

408 3172 550 3238 Tandem
572 3174 657 3238 hunc
678 3174 847 3239 inveniunt
867 3174 902 3239 in
925 3174 1045 3259 templo
1067 3175 1257 3240 residentem

329 3295 381 3334 serr
406 3276 444 3342 In
468 3277 571 3342 medio
593 3278 778 3363 pontificum
802 3283 834 3343 et
855 3280 941 3363 ipsos
963 3277 1159 3357 audientem

407 3381 543 3448 Sedebat
565 3407 639 3448 nam
660 3385 694 3448 in
716 3384 820 3449 medio
843 3385 1008 3449 doctorum
1032 3383 1196 3461 audiendo,

344 3509 347 3516 ·
407 3488 498 3565 Quod
520 3490 561 3554 ab
583 3490 648 3555 illis
671 3491 843 3556 docebatur
864 3494 896 3555 et
918 3491 1004 3572 ipsos
1027 3490 1215 3574 requirendo

407 3594 550 3671 Querivit
572 3599 605 3660 et
627 3597 784 3680 opposuit,
808 3596 932 3661 obiecta
954 3592 1169 3675 concludebat,

406 3698 624 3785 conclusaque
647 3702 807 3766 subtiliter
829 3701 1043 3766 determinans
1066 3701 1218 3766 solvebat.

329 3822 380 3860 ³⁰⁸0
407 3803 469 3869 Sue
491 3805 648 3890 sapientia
670 3828 763 3870 nemo
786 3806 966 3892 magiorum

407 3908 608 3996 Respondere
630 3911 731 3975 valuit
753 3932 811 3976 nec
832 3911 1061 3993 phariseorum.

406 4013 502 4081 Suam
525 4016 715 4100 sapientiam
736 4017 842 4080 cuncti
864 4016 1066 4081 mirabantur

406 4120 443 4186 In
466 4122 626 4207 responsis
649 4145 710 4207 que
731 4144 788 4206 per
811 4145 882 4187 eum
906 4121 1112 4207 querentibus
1135 4120 1304 4185 dabantur.

406 4226 510 4292 Mater
532 4229 598 4293 eius
622 4248 756 4292 evocans
779 4249 851 4291 eum
873 4227 954 4294 dixit
976 4228 1025 4293 ei:

327 4350 379 4388 soa
408 4331 455 4397 ‚0
479 4333 522 4397 mi
545 4332 592 4396 fili
615 4332 707 4396 unice
729 4331 842 4397 dilecte
864 4332 966 4398 cordis
990 4333 1062 4413 mei,

405 4437 488 4518 Quid
510 4436 614 4506 fecisti
637 4437 736 4503 nobis
754 4437 808 4518 sic,
832 4437 908 4522 quia
930 4460 988 4503 nos
1011 4437 1154 4506 dolentes
