3000 5125
664 431 707 497 49

106 640 109 646 ·
191 625 242 662 nas
268 606 313 670 Et
335 606 440 691 puelle
463 609 530 670 tam
552 604 685 671 honeste
706 610 775 670 tam
797 603 893 692 digne
915 609 1060 673 sociaret.

270 711 341 797 Ego
364 713 460 776 miser
482 716 514 776 11
537 711 679 775 abiectus
701 712 797 775 nimis
820 734 884 776 non
907 736 977 777 sum
1000 714 1126 799 dignus,

267 815 347 880 'Pam
369 819 477 880 sancte
499 815 696 900 virginitatis
719 815 841 880 violare
863 817 998 901 pignus3

268 923 401 1007 Egoque
425 925 592 1006 provectus
615 943 686 985 sum
709 924 793 986 etate
815 922 880 985 iam
905 922 1007 1001 senili,

267 1026 320 1092 Me
342 1049 406 1091 non
429 1027 517 1092 decet
539 1027 681 1110 copulari
703 1026 808 1111 puelle
829 1027 970 1092 iuvenili.

106 1257 163 1329 De
201 1241 371 1328 oratione
407 1255 549 1349 -Joseph
585 1276 672 1327 cum
709 1260 907 1348 cogeretur
934 1256 1091 1328 Mariam
1129 1256 1263 1329 ducere

568 1378 609 1450 in
636 1399 802 1452 uxorem.

187 1574 240 1610 12⁹⁰
267 1552 328 1618 Sed
350 1574 517 1618 eumcum
539 1552 706 1636 pontifices
727 1556 765 1631 et,
781 1554 917 1637 populus
941 1554 1082 1619 diversus

269 1658 511 1743 Compellarent,
534 1658 692 1742 suscipere
713 1658 861 1736 Mariam,
884 1663 933 1723 est
955 1680 1124 1724 conversus

270 1764 322 1829 Ad
343 1764 519 1828 orationem
542 1785 642 1842 suam,
666 1766 698 1827 et
720 1764 814 1827 deum
836 1764 1016 1843 invocabat,

268 1869 316 1934 Ac
338 1891 410 1934 cum
433 1868 542 1933 multis
564 1867 703 1933 lacrimis
726 1870 832 1935 dicens
856 1870 913 1934 bec
935 1871 1063 1935 orabat:

271 1976 374 2039 »Deus
396 1976 455 2040 celi
478 1974 633 2054 conditor,
657 1976 829 2060 mundique
851 1981 985 2052 creator,

190 2099 242 2137 12⁹⁶
269 2081 314 2145 Et
334 2079 467 2145 humani
490 2080 616 2164 generis
637 2080 773 2144 clemens
796 2080 1002 2164 gubernator,

268 2184 316 2249 Tu
340 2185 477 2250 delimo
500 2189 584 2249 terre
606 2185 744 2269 primum
768 2185 929 2250 bominem
951 2184 1064 2249 creasti

268 2288 399 2354 Necnon
423 2290 509 2355 hunc
531 2290 565 2353 in
589 2290 736 2374 paradiso
758 2295 815 2354 tuo
837 2291 1020 2367 collocasti3

268 2394 316 2460 De
338 2399 427 2460 costa
449 2394 511 2458 sibi
533 2394 686 2459 feminam
709 2395 851 2459 formans
874 2395 1011 2473 sociasti,

267 2497 314 2565 Ut
336 2500 374 2566 de
396 2524 429 2566 se
451 2521 552 2586 genus
574 2499 742 2566 hominum
765 2500 989 2585 multiplicent,
1013 2500 1193 2578 mandasti3

267 2710 315 2774 Ac
337 2711 493 2776 immunes
516 2734 536 2775 a
557 2716 685 2796 peccato
707 2712 830 2796 prolem
851 2713 1057 2796 parturirent,

267 2813 327 2881 Sed
349 2817 410 2880 hoc
431 2817 527 2901 primi
549 2818 755 2901 perdiderunt
777 2817 1011 2903 cyrographum
1035 2822 1192 2899 parentes,

267 2920 328 2986 Per
350 2924 635 3008 transgressionem
659 2946 749 2987 suam
773 2927 937 3007 peccatum
958 2923 1154 2988 inducentes.

267 3027 319 3090 Ab
340 3027 401 3091 hoc
424 3032 531 3093 autem
555 3051 604 3093 me
626 3034 755 3113 peccato
778 3029 922 3093 volebam
946 3033 1132 3112 temperare,

188 3152 239 3189 1³0⁶
269 3133 312 3197 Et
334 3156 385 3197 me
408 3134 511 3199 carnis
535 3134 703 3218 voluptate
722 3156 787 3198 non
810 3134 1024 3218 coinquinare.

268 3238 425 3303 Ammodo
448 3240 609 3324 proposui,
633 3262 698 3304 non
720 3262 835 3324 corpus
858 3240 1016 3303 maculare

267 3343 395 3408 (larnali
417 3344 559 3422 libidine,
583 3345 637 3409 sed
659 3345 811 3409 mundam
832 3365 1018 3409 conservare

266 3447 350 3513 Vovi
373 3472 476 3514 meam
499 3450 639 3515 animam
661 3455 792 3534 propter
814 3452 847 3514 te
869 3452 1002 3526 creator,

268 3554 353 3619 Deus
376 3556 431 3639 qui
453 3555 608 3620 munditie
631 3577 756 3640 semper
777 3577 811 3620 es
833 3559 967 3619 amator.

188 3679 240 3716 1³10
267 3658 372 3744 Igitur
393 3665 425 3725 te
448 3660 597 3744 deprecor
620 3666 657 3725 ut
679 3683 730 3726 me
753 3660 888 3724 liberare

267 3763 364 3844 Velis,
388 3765 435 3829 ita
457 3766 542 3849 quod
564 3788 628 3835 non
651 3787 748 3850 cogar
769 3765 853 3829 hanc
876 3767 1018 3828 sanctam
1042 3761 1161 3826 violare

266 3869 444 3954 Virginem,
469 3893 530 3954 que
552 3871 714 3955 speculum
737 3871 837 3934 totius
860 3869 1016 3933 castitatis

268 3975 328 4039 Est
350 3980 383 4040 et
402 3976 637 4059 receptaculum
660 3998 733 4040 vere
756 3975 914 4040 deitatis«

111 4194 214 4280 Quod
243 4198 399 4290 angelus
427 4196 678 4269 confortabat
696 4194 836 4288 Joseph
865 4197 904 4266 et
934 4194 1161 4266 hortabatur
1181 4193 1260 4263 Ma-

192 4337 196 4342 ’
423 4319 517 4390 riam
548 4319 683 4390 ducere
709 4319 748 4389 in
776 4340 944 4390 uxorem.

266 4500 356 4567 Tunc
379 4501 511 4587 angelus
535 4494 683 4584 apparuit
706 4501 761 4583 qui
783 4499 1007 4564 consolabatur

165 4623 223 4666 vit·
238 4622 314 4663 uarro
1034 4600 1051 4652 4
