3000 5125
794 367 835 437 72

394 547 485 625 Quod
508 547 569 611 hoc
590 570 755 632 nunquam
778 551 894 626 rueret,
917 547 995 630 quin
1019 546 1111 630 virgo
1133 546 1315 630 parturiret,

396 651 459 718 Seu
481 653 640 738 quoddam
663 651 870 736 impossibile,
893 652 977 736 quod
1000 674 1163 735 nunquam
1188 652 1334 716 eveniret.

318 777 370 814 1⁹⁷0
396 756 483 823 Ante
505 759 631 843 partum
655 758 790 843 virginis
812 759 846 821 in
869 757 936 823 celo
958 756 1150 821 videbantur
1270 755 1272 758 ’

398 862 475 929 Tres
497 865 579 929 soles
601 864 657 948 qui
679 865 719 928 ad
741 864 874 927 invicem
900 862 1056 946 paulatim
1078 862 1303 947 iungebantur,

397 970 505 1035 Donec
527 990 640 1052 corpus
663 969 793 1032 unicum
814 967 927 1031 fierent
949 966 1060 1042 solare,

398 1076 490 1154 Quod
512 1074 605 1139 nobis
628 1096 692 1137 non
714 1073 890 1157 incongrue
912 1072 1037 1136 videtur
1060 1072 1231 1155 assignare.

398 1180 502 1247 Unius
525 1180 575 1245 dei
598 1179 755 1243 trinitatis
779 1179 902 1243 mistice
924 1178 1071 1262 figuram,

321 1306 372 1344 rori
399 1286 555 1371 illamque
578 1308 634 1369 per
656 1285 759 1349 filium
780 1284 873 1348 nobis
895 1284 1096 1347 credituram.

398 1389 488 1455 Tunc
510 1412 605 1475 super
627 1387 763 1454 Romam
785 1387 921 1453 circulus
943 1389 976 1451 in
999 1389 1065 1453 celo
1087 1387 1249 1451 ferebatur

398 1494 523 1561 Corona
546 1494 633 1558 velut
655 1516 761 1572 aurea,
784 1494 839 1578 qui
861 1494 983 1558 cunctis
1007 1494 1181 1556 videbatur.

398 1601 435 1666 In
458 1599 628 1685 Magorum
651 1598 780 1684 regione
803 1599 857 1683 qui
880 1602 957 1662 tuno
979 1599 1174 1662 advenerunt

305 1690 308 1694 ¹
402 1704 502 1771 Stella
524 1706 601 1769 duce
625 1727 756 1768 munera
778 1703 918 1788 Jesuque
941 1703 1094 1782 tulerunt,

324 1831 375 1867 1⁹⁸⁰
402 1810 537 1876 Fiebant
558 1809 719 1875 mirabilia
743 1809 878 1893 quedam
901 1813 933 1873 et
956 1812 1113 1892 portenta,

400 1916 468 1992 Qua
491 1916 586 1980 scribi
609 1938 666 2000 pro
690 1915 840 1980 misteriis
863 1915 920 1979 hec
941 1917 1090 1997 poterant
1113 1919 1245 1980 attenta.

401 2021 525 2085 Horum
549 2044 629 2085 unus
653 2022 799 2104 assydam
821 2021 906 2085 domi
929 2020 1091 2084 nutriebat

400 2127 445 2191 Et
467 2150 537 2191 eam
559 2126 763 2192 domesticam
785 2126 889 2190 faeere
912 2125 1079 2203 studebat,

354 2308 357 2314 Ι
403 2232 469 2296 Heo
491 2232 558 2313 avis
581 2251 641 2294 ova
664 2231 793 2315 gemina
814 2231 909 2295 solito
931 2230 1070 2315 ponebat

324 2357 374 2393 rosa
402 2336 469 2412 Que
491 2336 573 2400 sicut
595 2336 661 2401 eius
684 2336 787 2420 exigit
808 2339 924 2399 natura
945 2333 1154 2410 confovebat3

403 2440 463 2507 Sed
487 2464 558 2504 cum
581 2445 705 2525 tempus
728 2446 859 2506 venerat
881 2441 1075 2505 educationis

402 2548 583 2614 Monstrum
605 2551 671 2614 exit
694 2549 734 2613 ab
758 2550 825 2614 ovis
848 2549 943 2613 huius
966 2547 1169 2628 structionis3

402 2655 452 2718 Ex
473 2677 538 2719 uno
560 2657 609 2721 leo
632 2656 760 2740 prodiit,
784 2678 822 2720 ex
845 2656 945 2720 altero
968 2655 1007 2719 fit
1028 2677 1149 2740 agnus3

402 2761 448 2825 De
471 2784 533 2845 quo
556 2763 594 2827 fit
616 2766 727 2845 stupor
749 2762 896 2826 omnibus
919 2765 1014 2846 atque
1037 2762 1134 2825 timor
1155 2780 1301 2844 magnus.

324 2888 375 2923 uno
403 2864 527 2930 Referri
549 2867 629 2931 berre
651 2870 757 2951 potest
778 2866 838 2931 hoo
860 2868 900 2931 ad
923 2867 1140 2951 integritatem

331 3051 335 3058 ⁵
402 2971 547 3055 Virginis
569 2976 601 3035 et
623 2971 682 3036 filii
705 2973 744 3036 ad
768 2972 1009 3050 humanitatem,

403 3074 464 3152 Qui
486 3075 549 3139 fuit
572 3098 673 3162 agnus
695 3077 845 3142 innocens
868 3081 1003 3167 mortem
1026 3078 1173 3161 patiendo

404 3181 448 3244 ut
471 3180 569 3245 fuisse
591 3182 741 3246 scribitur
763 3183 812 3247 leo
835 3183 1037 3268 resurgendo.

407 3283 498 3349 Alter
518 3286 632 3371 Magus
656 3292 834 3352 aromatum
857 3287 986 3352 hortum
1009 3288 1259 3372 complantatum

328 3410 377 3446 aa
404 3389 527 3454 Habuit
548 3391 583 3454 in
605 3412 667 3474 quo
691 3392 867 3456 balsamum
889 3392 1013 3456 colebat
1034 3397 1267 3478 propagatum

402 3494 440 3559 In
464 3518 563 3560 unum
585 3497 783 3562 balaamitico
806 3498 914 3582 stipite
936 3498 1096 3562 crescebat

270 3607 278 3622 '
403 3600 554 3664 Eiusdem
577 3602 676 3666 herba
698 3602 853 3682 surculus,
877 3625 973 3686 quam
994 3624 1087 3666 nemo
1109 3602 1328 3687 cognoscebat,

402 3704 489 3769 Vitis
511 3705 632 3770 habens
654 3705 734 3770 folia
757 3708 790 3770 iu
814 3728 960 3790 supremo
983 3706 1093 3770 florem

404 3808 578 3875 iocundum
601 3815 696 3895 atque
718 3834 843 3876 roseum
866 3813 919 3876 sed
942 3833 1014 3875 rosa
1037 3811 1259 3895 pulchriorem.

325 3934 376 3969 2⁰00
403 3913 572 4000 crevitque
594 3915 753 3980 folliculus
777 3917 865 3981 floris
887 3918 921 3981 in
944 3938 1091 4001 supremo

404 4018 486 4095 Quid
509 4024 651 4104 portaret
672 4021 825 4106 germinis
849 4021 909 4086 hoo
930 4022 1050 4085 sciebat
1071 4044 1174 4088 nemo.

404 4122 465 4189 Sed
487 4147 627 4190 crescens
651 4126 704 4190 hic
727 4127 888 4191 folliculus
912 4149 986 4191 mox
1009 4127 1204 4193 dilatabatur

404 4230 448 4294 Et
471 4231 627 4315 paulatim
650 4237 863 4297 maturescens
885 4255 942 4318 per
964 4256 1059 4321 seque
1082 4232 1298 4317 rumpebatur,

319 4455 385 4512 1995
406 4455 430 4510 G
449 4455 479 4510 in
497 4475 552 4528 quo
571 4457 651 4513 fehlt.
813 4377 831 4418 *
