3000 5125
772 369 835 440 sss
929 357 934 364 '

304 569 356 607 ⁴⁰⁰⁶
383 549 476 615 Jesus
499 549 563 614 ait:
590 548 692 625 »Quia
712 571 768 613 rex
791 571 863 615 sum
886 571 978 635 ego«,
1002 554 1038 614 tu
1062 549 1191 627 dixisti3

383 655 531 739 Regnum
551 677 657 720 meum
679 655 791 740 utique
813 677 877 719 non
900 660 949 720 est
972 656 1010 720 de
1032 656 1151 719 mundo
1173 655 1268 721 isto«

386 761 494 847 »Ergo
516 784 590 827 rere
611 784 667 827 rex
689 783 722 826 es
744 764 823 825 tuo«
848 760 972 827 Pilatus
996 762 1043 826 ait
1066 759 1204 825 Christo.

385 866 474 931 »Rex
496 889 568 931 sum
589 888 669 953 ego‹
693 865 788 932 Jesus
812 866 859 930 ait
884 868 990 930 »etin
1014 887 1115 952 regno
1136 869 1243 943 natus,

382 970 433 1037 Ad
456 972 623 1038 dicendum
645 973 814 1037 veritatem
834 995 905 1036 sum
925 972 1045 1037 mundo
1069 970 1278 1036 destinatus«

308 1097 361 1131 ⁴⁰1⁰
389 1077 499 1142 Preses
522 1079 569 1142 ait
590 1078 629 1142 ad
652 1076 790 1143 Judeos:
816 1075 909 1142 >Non
932 1099 1061 1161 possum
1083 1076 1225 1141 invenire

381 1181 491 1248 Ullam
512 1204 650 1262 causam,
673 1183 776 1248 iustus
797 1182 850 1247 hic
875 1204 931 1247 cur
953 1183 1066 1247 debeat
1088 1182 1200 1266 perire.

382 1289 457 1355 Non
480 1291 529 1353 est
551 1287 770 1354 Romanorum
792 1288 853 1367 lex,
877 1292 913 1353 ut
935 1288 1105 1373 quisquam
1127 1288 1290 1352 occidatur

379 1393 448 1458 'Pro
470 1393 575 1459 verbis
597 1394 644 1458 ita
665 1392 799 1466 levibus,
823 1415 884 1478 que
906 1415 983 1458 casu
1007 1391 1125 1457 stultus
1149 1390 1267 1457 fatur«

380 1499 624 1584 Responderunt
645 1496 759 1563 Judei:
783 1495 871 1562 »Nos
893 1497 1046 1562 habemus
1068 1498 1190 1583 legem3

302 1625 355 1664 4⁰1⁶
382 1604 561 1671 Secundum
583 1604 672 1668 illam
694 1604 776 1668 mori
799 1603 902 1682 debet,
925 1626 1001 1668 nam
1022 1625 1055 1668 se
1077 1602 1160 1666 dixit
1181 1622 1293 1687 regem

382 1713 427 1778 Et
448 1711 571 1777 inducit
595 1712 755 1796 quandam
776 1732 892 1775 noram
915 1730 1091 1796 supernos
1114 1706 1293 1771 doctrinam

382 1818 445 1883 Per
466 1839 563 1902 quam
585 1821 693 1882 nostre
716 1817 851 1881 destruit
873 1817 953 1902 legis
975 1813 1193 1900 disciplinam

386 1920 580 1987 Universum
603 1921 756 2007 populum
778 1920 813 1984 in
835 1923 905 1985 tota
925 1921 991 1984 iam
1012 1918 1115 1985 Judea

382 2009 562 2092 (tommorit
584 2028 622 2092 ad
646 2047 704 2091 nos
726 2026 855 2091 veniens
877 2026 916 2090 de
937 2030 1024 2090 terra
1045 2023 1196 2090 dalila«

408 2264 513 2350 Quod
541 2265 652 2339 Jesus
680 2266 802 2338 missis
823 2217 889 2338 est
916 2264 963 2337 ad
990 2262 1189 2337 Herodem.

305 2467 357 2504 4⁶20
384 2448 507 2514 Pilatus
530 2449 641 2515 Jesum
664 2450 794 2515 audiens
817 2472 883 2516 esse
905 2448 1061 2515 Galileum

383 2553 434 2618 ux
456 2552 608 2620 Herodis.
615 2558 773 2639 potestate
796 2554 906 2620 statim
928 2553 1016 2618 misit
1038 2577 1110 2619 eum

381 2660 443 2724 Per
464 2661 564 2744 ipsius
586 2659 723 2725 famulos
745 2661 889 2725 vinctum
911 2660 951 2724 ad
973 2659 1142 2738 Herodem,

379 2764 557 2832 Jerusalem
580 2766 635 2851 qui
658 2770 800 2851 tempore
821 2766 884 2830 fuit
906 2766 940 2830 in
963 2767 1081 2830 eodem.

378 2869 520 2935 Herodes
544 2893 599 2935 rex
622 2871 751 2957 gavisus
776 2875 833 2952 est,
857 2893 931 2935 nam
955 2871 1035 2935 vidit
1056 2871 1193 2935 libenter

300 2994 353 3031 aas
379 2973 490 3040 Jesnm
513 2997 608 3059 quem
631 2974 830 3040 desiderabat
850 2997 976 3040 cernere
998 2974 1188 3060 frequenter.

377 3076 430 3144 Ab
452 3079 522 3165 ipso
544 3080 670 3165 signum
695 3080 823 3165 aliquod
847 3081 954 3146 ridere
975 3081 1142 3165 cupiebat3

378 3183 438 3248 Sed
461 3183 554 3250 Jesus
577 3207 684 3250 coram
706 3208 743 3250 eo
766 3186 892 3249 nullum
914 3187 1043 3272 signum
1065 3185 1214 3266 faciebat,

377 3288 445 3354 Nec
467 3288 657 3374 loquebatur
680 3290 809 3375 aliquod
832 3291 965 3356 verbum
988 3296 1076 3356 stans
1098 3293 1229 3378 ligatus,

378 3391 490 3478 Neque
512 3394 582 3480 regi
604 3397 815 3479 respondebat
837 3395 878 3461 ab
900 3397 961 3462 boc
983 3397 1207 3484 interrogatus.

300 3515 352 3552 ⁴⁶³⁰
379 3496 478 3562 Judei'
498 3521 570 3563 cum
592 3499 790 3585 principibus
813 3522 919 3565 coram
942 3504 1179 3587 regestabant,

376 3602 481 3667 Multa
502 3603 585 3668 falsa
607 3605 795 3671 mentientes
818 3605 930 3672 Jesum
952 3610 1151 3674 accinebant.

377 3706 486 3792 Ipsum
508 3731 585 3795 ergo
607 3733 663 3775 rex
685 3710 827 3778 Herodes
850 3712 971 3797 sprevit
993 3717 1025 3778 et
1047 3714 1167 3793 derisit,
1254 3732 1256 3737 ⁴

377 3812 421 3876 Et
443 3813 507 3878 suis
529 3816 569 3878 ed
591 3815 789 3882 illudendum
811 3818 968 3883 militibus
993 3819 1124 3899 dimisit,

375 3917 444 3983 Sibi
466 3920 521 4004 qui
543 3921 719 3986 coccineam
742 3927 861 3987 vestem
882 3923 1056 3988 induerunt

297 4042 349 4079 ⁴⁸³⁶
375 4022 558 4104 Illudentes,
580 4025 837 4111 blasphemantes
864 4028 966 4094 Pilato
989 4029 1194 4106 remiserunt3

365 4260 470 4348 Quod
498 4264 618 4341 Judas
646 4291 685 4342 se
711 4268 834 4364 ipsum
863 4269 997 4366 laqueo
1026 4269 1231 4367 suspendit.

276 4475 278 4483 ·
374 4444 476 4512 Judas
497 4471 588 4514 suum
611 4450 776 4517 dominum
798 4454 907 4519 videns
932 4457 1152 4539 presentatum

1297 1651 1305 1680 l

1295 1754 1304 1783 i
