3000 5125
660 380 723 446 237

275 554 314 618 ln
335 576 416 619 nove
439 553 528 620 stelle
550 554 650 620 sidere
673 555 899 634 coruscatione,

275 659 483 725 Psallentium
506 681 542 726 ac
564 661 750 745 angelorum
773 661 969 740 iubilatione,

194 786 248 823 roro
276 764 366 842 Quod
388 766 534 851 plurimis
556 765 718 832 miraculis
741 767 891 831 claruerit
912 766 945 831 in
967 765 1095 843 mundo,

275 871 463 936 Doctrinam
485 892 575 936 suam
597 855 740 935 tribuens
762 870 885 937 cunctis
906 871 999 935 corde
1020 869 1149 948 mundo,

272 973 478 1040 Infirmitates
500 975 604 1040 varias
627 975 667 1039 ab
690 974 775 1060 egris
798 972 986 1058 repellendo,

192 1136 199 1150 ,
240 1081 241 1084 ’
273 1079 413 1145 Infirmis
435 1080 545 1145 multis
568 1081 737 1145 sanitatem
759 1079 927 1163 pristinam
949 1079 1105 1145 reddendo

277 1186 321 1251 ldt
344 1184 508 1250 defunctos
530 1184 647 1249 fetidos
669 1206 689 1248 a
710 1188 814 1250 morte
836 1184 1026 1264 suscitando,
1170 1167 1176 1178 ’

200 1308 253 1344 ⁷04⁶
280 1288 399 1353 Multos
422 1288 621 1353 demoniacos
643 1288 846 1373 leprososque
868 1288 1017 1354 curando.

275 1394 383 1459 Mente
405 1394 601 1478 stupefactus
624 1394 774 1459 sumhec
796 1396 909 1458 cuncta
932 1415 1003 1458 cum
1025 1396 1175 1480 audirem,

274 1498 342 1576 Quo
363 1499 430 1563 sine
451 1499 509 1564 deo
532 1500 601 1565 fieri
622 1521 822 1584 nequaquam
845 1500 920 1583 quia
941 1500 1062 1565 scirem.

275 1603 336 1670 Sed
358 1608 465 1669 tamen
488 1627 507 1668 a
529 1607 560 1670 te
582 1605 697 1669 certior
718 1604 788 1670 fieri
810 1604 954 1688 deposco,

273 1709 359 1776 Nam
381 1730 472 1793 suam
494 1709 694 1774 secretariam
717 1712 749 1774 te
771 1709 869 1775 fuisse
891 1731 996 1776 nosco.

196 1821 248 1872 ⁷⁰⁶⁰
275 1815 320 1880 Et
340 1818 377 1880 tu
398 1814 586 1880 familiarior
608 1815 718 1899 utique
740 1813 832 1880 fuisti

275 1918 353 2000 Sibi,
376 1942 449 1985 nam
472 1924 591 1986 secreta
613 1942 671 1984 sua
693 1924 865 1994 cunctata
887 1918 1016 1986 scivisti.

275 2024 396 2091 Idcirco
418 2025 479 2090 tibi
501 2024 654 2109 placitum
676 2025 704 2089 si
725 2024 832 2104 fuerit,
856 2028 889 2089 et
909 2047 998 2089 meus

275 2129 431 2217 Magister
452 2130 513 2195 hoc
534 2130 688 2195 concessit
709 2128 873 2195 Johannes
895 2128 1063 2208 Zebedeus,

274 2234 346 2320 Ego
368 2257 440 2300 cum
460 2234 640 2320 Neophytis
662 2234 808 2319 plurimis
831 2235 937 2299 venire

198 2356 250 2395 ⁷⁰⁶⁶
277 2339 328 2430 Ad
351 2345 383 2406 te
405 2341 477 2427 volo
499 2340 666 2405 veritatem
687 2363 707 2404 a
728 2344 827 2405 temet
849 2339 966 2404 audire.

274 2441 361 2509 Ante
382 2445 443 2509 tibi
464 2445 603 2510 scribens
625 2446 683 2510 hec
705 2445 814 2509 eadem
837 2443 994 2523 mandavi,

274 2549 318 2614 Et
339 2549 399 2615 hoo
421 2550 524 2635 ipsum
548 2548 713 2634 postulans
737 2548 918 2615 dulcissima
940 2548 1061 2633 rogavi.

274 2654 363 2732 Vale,
386 2655 440 2740 pia
460 2655 597 2736 domina,
621 2679 677 2740 per
699 2660 731 2721 te
753 2654 960 2733 consolemur,

275 2759 322 2825 Ut
342 2760 377 2825 in
399 2760 461 2827 fide
482 2760 531 2825 tui
552 2760 612 2824 filii
634 2759 711 2826 Jesu
733 2759 979 2824 confortemur«
1053 2752 1059 2761 ’

171 3077 275 3163 Quod
297 3080 417 3154 Maria
443 3081 634 3176 rescripsit
660 3081 860 3175 epistulam
876 3046 1020 3163 'sancto
1048 3078 1231 3173 Ignatio.v

200 3309 252 3347 ⁷⁰⁶⁰
277 3290 382 3355 Maria
402 3292 493 3377 virgo
516 3292 566 3357 dei
588 3294 689 3356 mater
711 3289 839 3375 Ignatio
861 3289 1023 3374 rescripsit

275 3395 462 3480 Epistolam,
486 3419 581 3482 quam
603 3398 673 3481 ipsa
695 3396 787 3478 virgo
808 3417 905 3475 manp
928 3417 986 3459 sua
1008 3393 1143 3477 scripsit.

275 3499 379 3566 'lenor
401 3506 507 3568 autem
529 3501 603 3589 talis
626 3504 695 3567 erat
716 3501 859 3585 epistole,
882 3522 978 3584 quam
993 3500 1054 3598 'pia

275 3605 377 3692 Virgo
399 3607 449 3672 dei
471 3606 640 3692 scripserat
660 3610 692 3671 et
713 3605 853 3691 genitrix
876 3604 999 3670 Maria:

397 3922 551 3998 Exitum
572 3923 650 3999 sive
676 3928 787 3998 tenor
813 3922 979 4017 epistole.

277 4129 360 4198 »Suo
382 4132 595 4217 condiscipulo
617 4130 745 4217 lgnatio
768 4132 891 4212 dilecto,

196 4255 247 4297 ⁷0⁶⁵
274 4238 326 4306 Ad
347 4238 421 4304 fidei
443 4239 596 4303 catholice
619 4237 757 4323 gratiam
780 4240 888 4319 electo,

274 4342 413 4407 Humilis
435 4342 549 4407 ancilla
572 4341 691 4407 Christi
713 4341 817 4407 Maria
839 4343 983 4422 salutem,

273 4448 318 4513 Et
340 4449 380 4513 ad
403 4471 475 4514 vere
497 4448 570 4512 fidei
593 4447 743 4531 proficere
765 4448 931 4512 virtutem!
