3000 5125
686 368 728 433 39

292 539 399 626 Atque
420 562 492 606 oum
514 540 701 630 virginitate
724 546 867 620 maneret
888 543 1082 627 inoormpta,

293 647 344 713 Ita
366 647 451 732 qnod
472 670 537 712 non
559 648 700 733 aliquam
720 649 843 733 prolem
865 652 1044 732 procrearet

293 752 400 837 Atque
421 774 552 838 germen
574 754 704 819 seminis
726 753 853 819 nullum
873 757 1051 839 generaret.
1093 781 1097 792 *
1172 766 1177 776 '

292 856 342 921 Ob
364 856 425 923 hoo
446 858 606 924 iusserunt
628 859 780 943 presules,
803 862 840 922 ut
862 858 1002 942 virgines
1025 858 1120 923 etatis

226 980 265 1018 oss
292 962 417 1043 Debita,
440 962 491 1029 vel
513 986 574 1049 que
596 964 756 1029 venissent
778 964 817 1027 ad
840 984 939 1027 annos
962 963 1149 1047 pubertatis,

290 1066 503 1133 Traderentur
525 1068 646 1153 nuptiis
669 1068 708 1133 ad
731 1068 853 1152 prolem
876 1067 1089 1151 generandam

292 1172 398 1259 Atque
420 1173 469 1240 sui
491 1174 644 1259 germinis
667 1172 877 1258 propaginem
899 1172 1074 1244 creandam.

126 1468 237 1553 Quod
273 1472 382 1544 multi
415 1473 567 1545 iuvenes
597 1471 862 1544 desiderabant
896 1472 1056 1545 Mariam
1095 1473 1277 1567 virginem

568 1594 604 1665 in
633 1594 843 1687 coniugem.

287 1805 376 1889 Ergo
397 1801 493 1867 multi
515 1802 575 1866 filii
597 1800 755 1866 nobilium
777 1806 941 1881 venerunt,

288 1908 350 1985 Qui
373 1908 508 1972 Mariam
530 1908 687 1993 virginem
709 1908 744 1971 in
766 1929 915 1991 sponsam
938 1908 1128 1991 petiverunt,

222 2033 261 2070 970
288 2012 336 2078 Ac
357 2013 474 2079 diversi
496 2014 635 2093 iuvenes,
658 2013 713 2097 qui
736 2013 831 2077 thoro
853 2013 1014 2097 coniugali

288 2119 475 2198 Caruerunt,
497 2122 722 2197 convenerunt,
745 2122 782 2182 ut
804 2117 881 2201 ipsis
904 2115 1044 2184 maritali

283 2224 451 2290 Consortio
474 2224 674 2290 sanctissima
695 2224 800 2289 Maria
822 2222 1011 2301 traderetur,

285 2332 329 2396 Et
351 2333 396 2396 eis
418 2354 477 2416 pro
499 2332 644 2417 legitima
665 2351 782 2414 sponsa
804 2329 1006 2415 iungeretur3

283 2437 369 2502 Nam
391 2460 448 2523 per
471 2437 651 2502 universam
672 2440 791 2501 terram
813 2435 877 2502 fnit
898 2434 1064 2519 divulgata

220 2560 258 2599 ⁹⁷⁶
286 2541 369 2608 bans
391 2541 500 2627 ipsius,
525 2545 557 2607 et
579 2539 663 2626 quod
687 2543 769 2606 esset
791 2537 938 2605 omnibus
960 2540 1074 2613 ornata
1198 2568 1205 2577 ·

282 2648 465 2714 Virtutibus
488 2651 520 2712 et
541 2646 683 2711 moribus
705 2646 797 2710 bonis
819 2646 976 2724 decorata,

281 2751 329 2818 Ao
351 2775 470 2839 magna
491 2751 715 2836 puchritudine
738 2751 846 2842 vultus
869 2753 1047 2828 venustata,

201 2939 205 2945 .
281 2858 325 2923 Et
347 2881 441 2942 super
463 2879 572 2922 omnes
594 2856 733 2942 virgines
756 2856 840 2920 foret
861 2855 1012 2939 speciosa,

282 2963 329 3028 Aa
351 2986 445 3048 super
466 2967 596 3028 cunetas
621 2960 768 3027 mulieres
791 2965 873 3026 esset
894 2962 1045 3057 gratiosa.

216 3087 255 3125 ⁹⁸⁰
281 3070 369 3155 Ergo
392 3068 454 3133 sibi
476 3069 611 3154 quilibet
632 3070 735 3152 ipsam
758 3067 899 3152 copulari

282 3173 398 3240 Petivit
420 3179 452 3239 at
473 3175 508 3238 in
530 3175 697 3258 conjugem
720 3173 843 3238 dulcem
865 3172 926 3237 sibi
949 3171 1018 3235 dari
1112 3172 1116 3181 '

281 3278 471 3365 Argentum,
495 3302 619 3361 aurum,
641 3302 774 3345 munera
796 3279 927 3364 qnidam
948 3276 1143 3354 obtulerunt,

280 3384 345 3450 Alii
369 3386 580 3469 possessiones
602 3386 720 3450 multas
742 3386 973 3470 promiserunt3

281 3490 363 3576 Opes
385 3495 418 3555 et
439 3492 604 3576 pecuniam
628 3491 759 3576 quidam
779 3492 942 3575 prebuere,

195 3615 254 3654 1⁹⁸⁶
281 3597 328 3664 Ut
348 3596 485 3662 Mariam
506 3598 664 3684 virginem
687 3601 817 3682 possent
839 3596 992 3661 obtinere.

121 3896 227 3982 Quod
246 3897 441 3991 pontifices
459 3897 735 3972 mandaverunt
757 3895 873 3968 Mario
900 3892 999 3987 quod
1021 3888 1178 3984 eligeret
1198 3885 1267 3960 sibi

330 4020 453 4093 virum
481 4041 590 4114 quern
621 4019 773 4093 duceret
800 4019 839 4090 in
866 4017 1058 4090 maritum.

276 4226 351 4294 Ideo
373 4229 538 4314 pontifices
560 4229 699 4330 Mariam
720 4233 922 4308 rocaverunt,

178 4402 183 4413 ,
276 4332 430 4399 Maritum
452 4339 489 4399 ut
511 4336 666 4421 acciperet
688 4335 749 4400 sibi
771 4336 1014 4415 mandaverunt,

275 4440 319 4504 Et
341 4461 380 4505 ex
400 4439 464 4505 illis
487 4441 633 4506 omnibus
656 4463 766 4522 unum,
790 4441 845 4526 qui
866 4440 1015 4524 placeret,
