3000 5125
761 341 802 406 22

370 521 577 586 »Benedictus
600 518 675 582 deus
699 540 786 582 meus
809 518 865 602 qui
889 516 947 582 celi
970 515 1184 600 principatum

368 628 413 693 Et
434 626 533 691 totius
556 624 654 689 seculi
676 627 764 688 tenes
787 624 1006 687 dominatum!

369 731 558 796 Benedictus
580 729 737 808 dominus,
761 729 812 792 cui
834 728 1033 793 famulantur

303 858 341 893 ⁴10
368 836 458 901 Luna
480 834 528 900 sol
550 838 582 899 et
605 834 717 913 sidera,
742 856 914 918 perquem
938 837 1159 897 sustentantur

370 940 477 1019 Polus,
501 963 564 1018 aer,
588 940 708 1019 ethera,
731 961 803 1014 cum
826 939 885 1003 celi
906 938 1119 1013 firmamento,

370 1048 507 1126 Montes,
531 1068 627 1122 mare,
651 1045 793 1123 llundna,
816 1066 889 1108 cum
910 1048 994 1108 terre
1016 1044 1241 1110 fundamento!
1291 1044 1293 1049 ’

370 1152 560 1218 Benedictus
582 1151 726 1216 conditor
749 1150 849 1214 totius
871 1154 1015 1213 creature
1233 1145 1235 1148 ’

369 1258 590 1342 Mirabilisque
612 1256 738 1341 genitor
761 1256 946 1341 propaginis
968 1258 1100 1320 nature!

305 1383 344 1420 41⁶
372 1365 561 1429 Benedictus
582 1362 639 1446 qui
661 1367 776 1426 nature
797 1363 899 1446 legem
923 1361 1076 1438 statuisti,

372 1469 418 1536 Ut
439 1469 549 1553 quevis
572 1490 621 1534 res
645 1491 683 1533 ex
705 1468 807 1533 altera
829 1469 970 1551 prodiret
992 1473 1028 1531 tu
1053 1466 1189 1530 iussisti!

374 1572 562 1640 Benedictus
585 1576 641 1659 qui
663 1596 714 1638 me
739 1575 822 1639 dono
845 1574 903 1638 tali
927 1597 988 1637 non
1013 1572 1156 1657 privasti,

372 1678 432 1744 Sed
454 1683 563 1763 optate
586 1678 665 1744 mihi
688 1680 787 1763 prolis
809 1702 939 1765 germen
962 1685 998 1744 tu
1021 1678 1156 1744 donasti.
1181 1767 1183 1770 Ι

373 1782 441 1849 Hec
462 1784 566 1867 proles
590 1784 805 1848 consolabitur
827 1789 955 1869 gentem
978 1784 1187 1859 Hebreorum,

309 1909 348 1945 ⁴2⁰
374 1887 435 1953 Per
457 1889 609 1974 illamque
632 1889 809 1956 salvabitur
831 1911 963 1974 regnum
986 1893 1176 1953 eternorum.

371 1993 559 2062 Benedictus
582 1995 637 2078 qui
660 1994 760 2059 totius
782 2017 815 2058 es
840 1994 1064 2058 consolationis

372 2098 469 2163 Pater
490 2103 522 2163 st
544 2098 715 2165 auxiliator
737 2089 991 2165 tribulationisle

219 2420 413 2492 Canticum
444 2419 554 2492 Anna
569 2420 717 2493 matris
744 2419 862 2493 Maria
887 2420 924 2491 iu
952 2421 1156 2493 nativitate
1183 2419 1257 2491 filie
1285 2440 1363 2492 sue.
1493 2453 1494 2460 ¹

376 2630 532 2713 Annaque
555 2629 701 2695 similiter
724 2630 817 2694 (11111111
841 2630 1092 2710 commendabat,

374 2734 417 2798 Et
439 2734 598 2799 cananum
620 2735 720 2801 letitie
742 2735 848 2800 dicens
871 2736 1079 2800 decantabat:

309 2860 348 2894 111
378 2839 442 2903 »Te
465 2839 567 2917 laude,
591 2845 624 2904 te
645 2840 800 2925 glorifico,
824 2841 899 2905 deus
922 2845 954 2906 et
976 2845 1100 2906 creator

376 2944 452 3022 Geli,
475 2948 569 3023 terre,
593 2946 738 3023 marium,
762 2950 794 3010 et
815 2937 925 3011 mundi
947 2947 1162 3031 gubernator!

311 3040 321 3065 ⁸
375 3049 420 3114 Te
442 3049 546 3127 laudo,
570 3050 646 3134 quia
668 3050 769 3115 bonus
793 3073 825 3116 es
846 3056 880 3116 et
903 3052 973 3135 pius
996 3052 1036 3117 ab
1059 3058 1179 3132 eterno,

310 3223 324 3230 μ
376 3150 560 3218 Humanum
583 3175 684 3239 genus
706 3156 877 3221 confovens
900 3158 1019 3222 anxilio
1042 3164 1183 3242 paterne.

375 3259 482 3324 Laudo
505 3265 546 3339 te,
570 3261 653 3346 quod
676 3261 838 3327 hunninem
857 3264 936 3328 deus
959 3269 995 3329 tu
1016 3264 1162 3330 formasti

312 3385 349 3421 430
377 3364 428 3429 Ad
450 3369 540 3431 tuam
563 3366 745 3451 imaginem,
769 3372 802 3432 et
824 3367 900 3432 huic
921 3368 1083 3453 inspirast'

377 3469 576 3554 spiraculum
600 3471 761 3536 vivificum
784 3477 815 3537 et
840 3473 978 3537 animam
1002 3473 1170 3552 viventem,

375 3576 551 3641 Perillam
574 3580 611 3641 ut
633 3577 824 3661 multiplicas
847 3579 1028 3643 universam
1050 3583 1188 3661 gentem

375 3681 548 3761 Laudote,
576 3683 661 3767 quod
684 3687 826 3746 nostram
849 3686 975 3768 gentem
1002 3683 1104 3746 solam
1126 3683 1263 3747 dilexisti

376 3788 426 3851 Ex
449 3790 571 3852 cunctis
594 3789 778 3852 nationibus
803 3792 836 3852 et
859 3811 927 3852 eam
950 3788 1085 3872 elegisti.
1171 3812 1174 3818 ·

311 3912 349 3947 ⁴³⁵
377 3890 424 3957 Ut
448 3916 485 3956 ex
507 3916 544 3957 ea
565 3893 673 3966 lumen
696 3915 796 3955 unum
819 3891 879 3955 tibi
902 3893 1080 3973 suscitares

375 3997 436 4085 Per
460 3999 544 4083 quod
566 3999 749 4063 universum
773 3998 926 4061 mundum
950 4002 986 4061 tu
1008 3999 1214 4063 illuminares

376 4103 444 4169 Hec
466 4109 514 4169 est
536 4105 593 4169 illa
617 4102 719 4187 proles
743 4125 813 4167 mea
835 4103 915 4167 mihi
938 4126 1034 4188 quam
1058 4104 1181 4181 dedisti,

375 4209 472 4273 Cuius
494 4210 575 4273 mihi
598 4182 801 4273 sanctitatem
823 4211 855 4272 et
878 4209 977 4272 vitam
1001 4208 1177 4273 ostendisti.

785 4352 803 4392 a

288 4437 340 4492 408
359 4436 377 4490 Ζ
397 4439 482 4492 tenes.
