3000 5125
675 389 739 457 207

297 567 399 646 »Quid
421 567 519 632 vultis
541 565 606 645 hic,
628 589 669 631 an
693 567 827 652 queritis
850 589 922 633 eum
944 570 1078 635 mortuis
1101 568 1284 635 viventem?

212 694 266 731 6116
292 673 367 740 Nun
390 678 438 737 est
459 672 530 750 hie;
552 672 690 737 surrexit
712 673 807 753 euim,
830 676 867 738 ut
888 674 993 758 ipsum
1015 673 1228 759 predicentem

291 777 468 844 Audivistis
490 777 613 861 sepius;
637 777 767 858 sedite,
790 777 935 848 nuntiate

293 882 477 967 Discipulis,
500 883 585 966 quod
608 882 755 946 dominus
778 882 926 963 surrexit,
950 882 1125 948 indicateb<

296 989 457 1053 Exeuntes
479 994 719 1053 monumentum
742 986 801 1052 hec
823 987 886 1053 cito
909 992 1125 1067 cucurrerunt,

294 1091 385 1168 Quod
407 1091 546 1157 surrexit
568 1091 725 1171 dominus,
749 1090 913 1175 discipulis
935 1093 1094 1157 dixerunt.

135 1392 249 1476 Quod
263 1393 288 1465 J
289 1392 374 1465 udei
390 1390 573 1463 dederunt
593 1389 789 1486 pecuniam
809 1389 1037 1480 custodibus,
1060 1394 1106 1462 ut
1122 1392 1288 1466 dicerent

460 1536 593 1608 eorpus
620 1513 759 1587 Christi
786 1513 966 1587 furatum.

218 1744 270 1781 6166
297 1722 358 1789 Sed
380 1723 525 1787 custodes
547 1723 744 1788 monumenti
766 1721 944 1788 Jerusalem
965 1723 1140 1806 intrabant,

298 1826 414 1893 Omnia
435 1850 496 1912 que
519 1828 665 1894 viderant
687 1826 798 1893 Judeis
821 1829 1023 1907 enarrabant,

300 1932 361 2009 Qui
383 1934 465 1998 inito
486 1933 618 1998 consilio
640 1932 825 1998 custodibus
848 1935 1002 2000 dederunt

300 2037 475 2104 Plurimam
498 2038 663 2123 pecuniam
686 2041 718 2103 et
739 2038 826 2122 ipsos
848 2043 1053 2125 rogaverunt,
1118 2057 1120 2062 ’

300 2141 347 2208 Ut
369 2144 415 2208 eis
437 2143 666 2209 dormientibus
689 2144 830 2209 dicerent
851 2145 1013 2211 sublatum

220 2265 273 2303 6166
300 2247 421 2332 Corpus
444 2247 531 2328 Jesu,
554 2248 639 2333 quod
661 2248 705 2313 sie
728 2253 776 2314 est
799 2250 952 2334 posthoc
975 2251 1185 2337 divulgatum.

300 2351 420 2418 Tamen
443 2353 489 2419 rei
512 2353 629 2418 veritas
650 2352 792 2420 Pilatum
814 2377 879 2420 non
902 2356 1032 2438 latebat,

299 2457 385 2524 Nam
407 2460 527 2524 factum
550 2459 760 2524 referentibus
784 2460 967 2525 custodibus
990 2462 1126 2539 sciebat3
1263 2443 1269 2467 s

299 2563 348 2629 De
369 2564 447 2630 Jesu
470 2566 525 2650 qui
547 2566 587 2629 ad
609 2564 756 2630 cesarem
778 2567 943 2651 epistolam
968 2568 1136 2649 scribebat,

301 2667 427 2749 Omnia,
451 2693 512 2755 que
533 2671 653 2734 fecerat
676 2669 832 2753 Christus,
854 2673 1024 2738 inscrebat.

143 2986 250 3073 Quod
276 2988 387 3062 Jesus
414 2988 535 3083 primo
562 2990 738 3083 apparuit
765 2988 880 3062 matri
907 3013 973 3062 sue
1000 2988 1118 3064 Maris
1144 2989 1292 3083 virgini.

218 3189 279 3255 ι6166
307 3197 401 3264 Jesus
424 3220 509 3280 vero,
532 3221 604 3264 cum
626 3200 774 3280 surrexit,
797 3199 899 3283 primo
922 3221 977 3265 sue
999 3199 1051 3285 pie

303 3304 488 3391 Apparebat
510 3305 668 3392 genitrici,
692 3290 873 3370 dulcissime
895 3303 1015 3377 Marie3

303 3409 409 3494 Ipsam
431 3410 513 3476 sicut
536 3411 640 3475 decuit
662 3409 801 3496 benigne
823 3410 1013 3487 consolatur,

308 3517 428 3601 Corpus
450 3538 544 3581 suum
565 3516 741 3581 redivivum
763 3516 832 3581 tore
854 3516 1043 3594 testabatur,
1100 3550 1102 3553 ·

304 3622 394 3698 Quod
418 3622 459 3686 ab
481 3622 551 3706 ipsa
573 3627 751 3706 sumpserat
775 3625 807 3686 et
828 3621 889 3685 hoe
911 3620 1125 3706 glorificatum

226 3747 278 3784 6116
304 3726 479 3813 Nunquam
500 3728 587 3792 ultra
609 3727 818 3805 moriturum3
838 3728 892 3791 sed
915 3748 986 3790 eum
1009 3725 1232 3790 resuscitatum

305 3830 408 3897 Maria
430 3855 523 3896 suum
544 3832 647 3898 filium
670 3833 799 3897 unicum
822 3832 970 3916 respexit,

305 3936 349 4002 Et
370 3939 473 4021 ipsum
497 3938 567 4003 fore
589 3960 719 4022 corpore
741 3938 850 4002 vivum
871 3937 1046 4018 intellexit,

305 4041 401 4107 Ultra
424 4065 520 4127 quarn
541 4044 666 4109 narrari
689 4047 795 4127 posset
818 4042 959 4127 gaudens
981 4043 1156 4123 exultabat,

305 4145 349 4210 Et
372 4147 515 4213 adorans
529 4149 631 4213 filium
654 4149 763 4213 laudes
785 4149 843 4214 deo
866 4149 973 4214 dabat.

227 4269 279 4305 6166
307 4251 537 4339 Tantoquoque
558 4254 677 4338 gaudio
699 4255 802 4318 cordis
825 4254 995 4334 letabatur,

306 4356 435 4425 Doloris
458 4360 540 4444 quod
563 4360 708 4444 preteriti
731 4359 778 4424 nil
801 4358 1037 4429 recordabatur.
