3000 5125
675 392 729 467 ‚93

286 571 428 659 Viroque
450 595 531 640 cum.
545 573 645 640 oltero
668 575 824 640 residente
847 579 957 641 matre.

285 678 316 742 A
338 680 482 765 cognatis
507 686 603 765 etque
624 681 710 745 notis
732 679 854 765 Joscph
876 686 908 746 et
931 682 1035 747 Maria

204 801 259 839 2⁶1⁶
287 783 430 869 Benigne
452 784 669 868 suscipiuntur
691 806 764 848 cum
787 783 863 850 Jesu
886 787 976 869 prole
998 777 1074 871 pie(

285 887 450 955 Annorum
475 893 546 954 octo
568 888 662 954 Jesus
685 894 764 969 erat,
788 893 825 954 ut
849 889 985 975 legimus
1008 892 1041 955 in
1065 892 1194 976 scripte,

285 992 418 1070 Quando
441 996 528 1059 veuit
550 993 710 1060 Nazareth
732 1016 875 1061 reversus
898 1019 936 1061 ex
959 997 1099 1082 Egypto.

285 1097 397 1184 Ibique
419 1121 550 1165 manens
572 1099 606 1164 11
628 1104 713 1165 etate
734 1100 871 1184 profecit
893 1106 925 1166 et
945 1101 1073 1181 virtute,

285 1204 392 1289 Atque
414 1206 570 1290 sapientia
591 1227 663 1270 cum
685 1206 773 1270 omni
795 1208 956 1274 servitute.

206 1328 259 1365 2⁶2⁰
287 1307 442 1375 Omnibus
465 1310 647 1375 hominibus
671 1333 704 1375 se
726 1310 803 1376 fecit
825 1312 1013 1397 gratiosum,

286 1414 445 1480 Dilectum
468 1422 500 1481 ot
523 1417 691 1481 amabilem
714 1420 747 1482 et
770 1418 865 1482 nimis
889 1440 1078 1483 amorosum.

286 1519 371 1586 Nam
392 1544 482 1587 suem
504 1522 773 1607 pulchritudinem
796 1524 902 1587 cuncti
924 1524 1133 1602 mirabantur,

287 1625 422 1712 Suisque
443 1627 584 1712 pulchris
607 1628 749 1693 moribus
773 1629 1080 1694 condelectabantur.

286 1731 330 1796 Et
352 1733 418 1798 eius
442 1732 656 1817 eloquentiam
678 1734 785 1798 cuncti
808 1736 1081 1815 commendabant,

208 1855 258 1893 2⁶2⁶
285 1835 444 1923 Suamqne
466 1838 667 1922 prudentiam
689 1841 853 1923 stupentes
875 1838 1107 1908 collaudabant.

283 1940 369 2007 Nam
390 1943 425 2006 11
448 1946 534 2007 statu
556 1943 672 2026 puerili
696 1966 729 2008 se
751 1966 830 2027 puer
852 1945 952 2029 gessit
973 1947 1029 2023 ite,

289 2046 380 2124 Quod
401 2049 534 2113 excessit
555 2050 718 2113 universos
739 2049 882 2114 moribus
906 2055 937 2115 et
960 2052 1035 2117 vita.

289 2153 366 2217 Fuit
387 2154 472 2218 enim
494 2155 620 2237 sapiens
643 2154 781 2238 prudens
804 2159 836 2219 et
858 2155 1011 2220 discretus

287 2257 427 2323 Humilis
449 2262 482 2322 et
503 2258 638 2341 patiens
659 2258 747 2322 mitis
770 2263 802 2323 et
824 2262 1017 2339 mansuetus,

208 2382 260 2419 seeo
288 2363 412 2429 Diffusa
434 2362 498 2427 fuit
520 2363 627 2448 gratia
648 2363 682 2426 in
705 2362 798 2428 labiis
820 2364 930 2449 ipsius,

287 2469 444 2547 effabilis,
468 2468 646 2533 tractabilis
668 2467 733 2533 fuit
755 2473 851 2553 atque
873 2470 954 2555 pius.

287 2574 429 2640 Dilectus
451 2578 520 2639 erat
542 2574 688 2639 omnibus
711 2596 790 2657 puer
811 2575 864 2639 hic
887 2575 1009 2656 beatus,

286 2677 432 2744 Maturus
456 2684 524 2743 erat
545 2680 687 2744 moribus
710 2684 742 2744 et
765 2681 1000 2764 disciplinatum

287 2784 366 2849 Cum
388 2786 510 2869 plateas
533 2786 741 2869 pertransiret
763 2786 825 2850 sibi
846 2787 1062 2872 iungebantur

210 2906 262 2945 2⁶³⁶
289 2888 401 2955 Totius
424 2890 500 2956 ville
521 2891 620 2975 pueri,
643 2914 718 2955 nam
741 2890 981 2956 delectabantur

286 2994 325 3058 In
347 3018 405 3060 sua
427 2995 663 3081 pulchritudine
685 3019 740 3061 seu
764 2997 906 3081 gestibus
929 2999 1080 3079 honestis,

287 3100 335 3165 Ac
356 3102 390 3165 11
413 3101 478 3166 suis
501 3103 642 3166 moribus
665 3103 798 3166 maturis
822 3106 854 3167 et
875 3104 1034 3168 modestis.

287 3203 372 3269 Nam
394 3207 525 3290 pulchre
547 3212 616 3272 erat
638 3207 727 3286 fecie,
751 3207 854 3272 forma
876 3209 1044 3293 speciosus,

286 3312 330 3375 Et
353 3335 408 3396 pre
429 3314 551 3378 cunctis
574 3313 740 3377 hominum
762 3313 837 3377 filiis
860 3313 1027 3379 formosus.

217 3607 271 3701 De
299 3629 439 3703 invidia
466 3628 674 3701 Judeorum
701 3634 834 3704 contra
860 3655 1017 3726 puerum
1044 3632 1202 3716 Jcsum.vv

208 3858 259 3895 2⁶40
286 3837 396 3905 Jesum
419 3839 481 3904 sibi
504 3839 593 3924 pueri
617 3861 722 3925 regem
747 3845 931 3906 statuerunt

288 3946 394 4030 Atque
417 3946 617 4010 domicellum
640 3969 748 4011 omnes
771 3947 855 4012 hunc
878 3947 1127 4032 appellaverunt.

287 4049 345 4116 Sed
368 4051 453 4115 zelus
475 4056 508 4116 et
529 4052 649 4116 invidie
671 4074 794 4137 semper
815 4053 902 4117 illuc
915 4053 1028 4132 tendit,

286 4155 329 4220 Et
351 4156 418 4220 alas
441 4178 513 4221 suas
536 4157 650 4241 impias
673 4180 709 4222 ac
731 4158 853 4223 emulus
876 4158 1027 4235 extendit,

286 4257 351 4325 Ubi
373 4261 459 4325 videt
482 4261 618 4345 aliquem
642 4262 766 4327 culmen
789 4263 1009 4327 ascendentem

208 4384 259 4420 2⁶⁴⁵
285 4363 425 4429 Honoris
447 4369 542 4449 atque
564 4366 675 4450 glorie,
698 4388 752 4431 seu
777 4366 993 4449 proficientem

286 4470 453 4555 Dignitete
476 4470 525 4534 vel
548 4471 666 4536 virtute
688 4472 738 4535 vel
761 4494 886 4536 morum
909 4471 1085 4561 disciplina,
