3000 5125
706 299 770 367 231

318 476 387 543 Hec
408 498 479 542 curn
502 477 586 542 notis
610 480 642 542 et
663 477 773 541 amicis
795 478 874 542 flens
898 481 930 542 et
955 475 1102 542 eiulaudo

216 601 292 641 sees
320 583 519 669 Sequebatur
541 582 676 648 bestiam
699 583 792 663 hanc,
816 583 1046 668 investigando,

317 689 351 756 Si
374 689 487 753 saltem
508 709 579 752 ossa
601 688 691 771 pueri
714 692 820 772 posset
841 688 994 767 invenire,

319 794 483 870 Querendo
505 794 560 858 diu
581 816 645 857 non
670 792 797 858 valebat
820 793 989 878 quicquam
1012 793 1158 877 reperire.
1293 803 1296 808 ⁴

316 898 454 964 Reversa
475 899 603 963 domum
625 899 704 963 flens
727 902 759 963 et
781 898 893 983 lugens
916 896 1019 962 solum
1040 898 1101 962 hoc
1123 897 1261 962 habehat

316 1003 482 1084 Solatium,
506 1005 589 1089 quod
613 1004 773 1069 dominam
795 1003 931 1068 Mariam
955 1002 1090 1098 odiebat,

136 1125 137 1130 ¹
226 1129 290 1169 esso
318 1108 477 1195 Suamque
500 1108 659 1175 miseriam
681 1108 744 1174 sibi
767 1109 966 1193 querebatur.

317 1216 377 1283 Sed
400 1215 504 1281 Maria
527 1205 662 1280 dulciter
683 1215 765 1279 hanc
787 1214 1011 1278 consolabatur

315 1323 449 1388 Dicens:
476 1320 523 1386 »Ο
546 1325 583 1384 tu
605 1320 719 1385 mulier
741 1319 889 1384 fiduciam
911 1319 945 1383 in
968 1317 1062 1382 deum

315 1427 425 1493 Jesum
448 1427 610 1492 Christum
632 1426 749 1490 habeas
772 1425 935 1509 filiumque
957 1446 1080 1502 meum3

314 1534 374 1598 Est
396 1534 481 1598 enim
502 1535 615 1616 potens
636 1530 739 1595 filium
762 1534 853 1596 tuum
875 1551 1059 1594 conservare

238 1657 292 1696 8888
318 1637 362 1703 Et
384 1638 425 1703 ab
448 1659 503 1702 ore
523 1637 623 1702 bestie
645 1637 753 1701 vivum
774 1635 938 1701 liberare«

318 1741 378 1807 His
400 1743 517 1807 auditis
536 1742 654 1824 'mulier
675 1764 800 1807 reversa
822 1741 951 1806 domum
972 1740 1069 1819 venit,

316 1846 435 1912 Sanum
457 1851 489 1913 et
511 1848 699 1913 incolumem
722 1869 855 1930 puemm
877 1845 1006 1910 invenit.

313 1952 399 2019 Nam
421 1952 522 2018 Marie
543 1953 664 2018 meritis
688 1953 737 2017 leo
760 1952 934 2036 reportavit

313 2058 451 2126 Puerum
473 2062 505 2127 et
527 2063 600 2127 ante
621 2058 705 2127 fores
727 2058 839 2126 matris
861 2056 1035 2127 collocavit.

351 2380 455 2465 Quod
482 2381 602 2453 Maria
628 2379 805 2453 liberavit
831 2381 908 2452 tres
935 2379 1098 2455 iuvenes.

236 2609 287 2647 8888
313 2589 498 2655 Innocentes
520 2589 648 2653 iuvenes
670 2591 734 2653 tres
757 2591 850 2653 orant
872 2588 1070 2655 condemnati

309 2693 416 2778 Atque
439 2716 496 2778 per
517 2694 707 2763 calumniam
729 2695 768 2758 ad
791 2698 927 2758 mortem
948 2693 1088 2760 iudicati.
1168 2715 1174 2727 ·

312 2798 357 2862 Hi
379 2822 451 2864 cum
472 2822 529 2884 per
551 2798 702 2863 satellites
725 2798 824 2863 vincti
846 2799 1034 2864 ducerentur

311 2903 362 2968 Ad
383 2908 517 2969 mortem
540 2907 634 2988 atque
656 2903 786 2987 plurimi
809 2908 881 2987 post
902 2904 974 2969 illos
996 2911 1211 2988 sequerentur,

312 3008 361 3073 Ad
385 3031 438 3074 eos
460 3009 588 3094 quidam
612 3008 811 3074 Christianus
834 3010 973 3075 clamans
994 3010 1141 3076 invocare

233 3132 284 3170 8888
310 3113 481 3179 Dominam
502 3115 638 3180 Mariam
659 3116 762 3192 iussit,
786 3121 822 3181 ut
843 3117 928 3201 ipsos
950 3116 1085 3181 liberere

309 3219 504 3305 Dignaretur
527 3225 622 3305 atque
645 3244 717 3287 vere
740 3245 773 3286 se
795 3222 1026 3306 profiterentur,

307 3323 398 3389 Velle
420 3323 582 3390 Christum
605 3326 739 3405 credere,
762 3326 807 3391 sic
828 3325 938 3391 statim
960 3325 1167 3410 salvarentur.

309 3428 353 3493 Hi
376 3429 483 3494 audito
505 3430 634 3495 nomine
656 3430 756 3496 Marie
777 3430 979 3515 suspirabant
1100 3458 1107 3491 ι

308 3533 476 3618 Ipsamque
497 3556 569 3599 cum
592 3534 730 3599 lacrimis
753 3535 848 3599 simul
870 3536 1070 3617 invocabant,

230 3658 281 3695 8888
308 3638 355 3704 Ut
374 3661 429 3737 eoa
452 3639 571 3723 eripere
593 3640 631 3705 de
653 3645 756 3705 morte
778 3640 973 3724 dignaretur,

307 3743 392 3809 Nam
415 3745 485 3829 ipsa
507 3746 575 3811 fore
597 3747 646 3810 dei
669 3750 780 3825 mater,
804 3768 876 3811 vere
898 3747 1085 3812 crederetur.

306 3849 382 3914 Mox
405 3872 514 3915 eorum
535 3850 663 3914 vincula
684 3853 797 3915 cuncta
818 3849 1032 3931 solvebantur,

304 3953 411 4039 Atque
434 3955 489 4040 qui
511 3957 669 4019 duxerunt
691 3977 743 4020 eos
766 3954 799 4018 in
822 3953 934 4039 fugam
958 3957 1172 4037 vertebantur,

305 4058 449 4145 Maligno
473 4061 557 4146 rapti
579 4061 704 4145 spiritu,
728 4065 760 4125 et
782 4060 837 4145 qui
859 4060 1071 4145 sequebantur

227 4183 279 4220 8888
305 4163 447 4231 Luminis
470 4166 582 4231 acrisia
606 4165 875 4251 percutiebantur.

250 4264 257 4355 ’ἱ
303 4267 356 4332 llli
379 4274 484 4335 autem
507 4271 667 4336 detinente
689 4271 778 4335 nullo
801 4270 957 4351 abierunt,

303 4373 479 4442 laudentes
501 4376 594 4443 deum
617 4376 657 4444 ad
678 4377 814 4447 Mariam
839 4376 995 4468 virginem
1018 4381 1180 4459 venerunt,
