3000 5125
813 339 877 406 218

347 534 399 573 1110
426 514 494 581 Sibi
517 516 648 590 dantes3
672 538 746 580 nam
770 516 801 580 in
826 537 884 580 sua
906 537 1040 600 persona
1063 517 1215 583 deitatem

343 657 345 662 ·
426 620 631 686 Communem
654 622 857 686 decoraverat
877 644 935 706 per
953 605 1195 704 humanitatem,

424 726 470 791 111
490 727 524 790 in
546 727 675 792 dextera
697 728 746 792 dei
769 728 869 811 patris
892 731 940 792 est
962 728 1058 813 digne
1080 728 1259 811 collocatus,

425 831 456 898 A
478 854 541 919 quo
564 854 621 898 neo
643 855 786 922 unquam
807 837 901 900 antea
923 832 985 898 fuit
1007 837 1180 922 separatus.

271 1150 375 1234 Quod
389 1151 488 1226 filius
502 1155 652 1247 rogavit
665 1156 839 1250 spiritum
855 1159 1028 1240 sanetum
1050 1156 1152 1228 mitti
1166 1157 1204 1228 in
1219 1154 1404 1228 mundum.
1467 1149 1469 1162 ¹

425 1362 510 1428 Hinc
532 1363 625 1429 Jesus
647 1368 771 1449 patrem
794 1366 976 1450 interpellat
997 1366 1062 1432 suis
1085 1386 1143 1449 pro
1167 1363 1289 1429 dilectis

349 1486 401 1523 ⁰4⁴⁶
426 1469 608 1554 Discipulis,
631 1474 664 1535 et
686 1471 841 1536 universis
863 1469 1009 1537 fidelibus
1032 1471 1149 1550 electis,

427 1571 567 1659 Rogana,
590 1579 735 1640 sanctum
758 1576 906 1661 spiritum
928 1600 986 1661 pro
1009 1576 1223 1646 consolatione

426 1677 507 1763 Ipsis
530 1680 626 1759 mitti,
648 1702 771 1746 necnon
794 1704 866 1747 vere
889 1704 947 1766 pro
969 1682 1042 1748 fidei
1065 1682 1201 1747 doctore.

427 1781 560 1849 Sanctus
583 1807 659 1871 ergo
681 1786 812 1870 spiritus
834 1788 1004 1872 procedens
1027 1790 1067 1853 ab
1090 1791 1228 1872 utroque
1323 1821 1330 1832 ·

427 1886 465 1953 ln
488 1888 573 1956 hunc
595 1891 748 1957 mundum
769 1892 910 1960 mittitur
933 1914 952 1958 a
973 1897 1064 1979 patre
1086 1892 1224 1980 filioque.
1467 1845 1469 1930 1

548 2209 603 2283 De
629 2210 798 2284 adventu
825 2210 979 2305 spiritus
1007 2210 1140 2284 sancti.
1207 2176 1210 2181 .

348 2434 401 2473 1110
427 2417 506 2481 Cum
530 2421 635 2483 autem
658 2419 723 2484 dies
746 2418 947 2484 Pentecosten
970 2419 1100 2506 exlege
1122 2420 1360 2504 complerentur,

428 2521 563 2590 Orantes
585 2525 619 2589 in
641 2526 790 2591 cenaculo
813 2525 980 2611 cunctique
1001 2529 1209 2606 morerentur,

294 2652 298 2657 ·
426 2628 585 2694 Maximae
608 2630 646 2696 de
667 2630 739 2718 celo¹
756 2653 852 2697 sonus
874 2631 977 2696 factus
1000 2635 1048 2697 est
1070 2636 1208 2717 repente,

427 2731 527 2818 Super
549 2737 678 2801 domum
699 2737 815 2821 spiritu
837 2740 947 2802 sancto
969 2737 1123 2817 veniente,

426 2836 524 2904 Venit
546 2841 631 2905 enim
653 2842 784 2926 spiritus
806 2864 878 2907 cum
900 2864 978 2907 sono
1000 2844 1195 2923 vehemente,

349 2942 401 3000 uis
427 2944 544 3010 Totum
567 2947 627 3011 hoo
649 2947 832 3013 cenaculum
854 2948 959 3034 gloria
981 2948 1131 3033 replente,
1153 2979 1158 2987 ·

426 3049 471 3114 Et
492 3052 573 3117 sedit
595 3076 691 3138 supra
712 3053 856 3140 singulos
878 3055 991 3140 lingua
1013 3058 1167 3140 tanquam
1188 3055 1293 3140 ignis3

427 3154 562 3222 Sanctus
585 3159 670 3224 enim
691 3160 823 3278 spiritus
847 3161 995 3245 apparuit
981 3160 1068 3225 this
1091 3158 1201 3244 signis

427 3261 543 3328 Missus
567 3286 644 3350 ergo
666 3265 760 3350 spirit
760 3288 797 3330 us
819 3287 948 3329 munere
971 3264 1079 3330 divino

427 3366 597 3433 Descendit
582 3372 713 3489 tauper
735 3371 863 3435 domum
885 3371 977 3451 hano,
1001 3391 1079 3434 sono
1101 3352 1277 3455 repentino,

350 3490 400 3528 ⁶4⁶⁰
427 3470 465 3535 ln
487 3496 550 3558 qua
572 3476 678 3541 cuncti
652 3474 912 3541 tresidebant
866 3479 937 3540 tm
960 3498 1016 3541 ora
1017 3476 1113 3554 tione,

427 3578 471 3643 Et
457 3578 626 3663 treplevit
647 3583 750 3645 totam
772 3580 901 3644 domum
923 3579 1156 3657 coruscatione,
1460 3322 1466 3741 t

429 3685 535 3769 Atque
556 3707 651 3768 snper
672 3685 847 3771 singulos
838 3708 872 3749 1n
894 3685 998 3794 igneis
1021 3684 1136 3749 resedit

426 3788 570 3874 Linguis,
593 3795 694 3876 atque
710 3790 849 3876 gratiam
871 3788 961 3855 suam
982 3790 1047 3854 illis
1070 3789 1165 3856 dedit.

255 3873 261 3892 ’
310 3888 312 3893 ’
427 3891 505 3958 inde
528 3894 656 3959 domum
678 3895 768 3959 illam
791 3916 900 3960 omnes
923 3894 1167 3981 egrediebantur

350 4020 402 4057 ⁶⁴⁰⁶
428 3999 536 4086 Atque
558 4001 677 4087 linguis
699 4002 796 4067 variis
819 4001 925 4067 cuncti
947 4002 1168 4087 loquebantur,

428 4105 550 4170 Pron
571 4111 698 4172 sanetus
662 4108 851 4191 usspiritus
872 4106 937 4171 illis
959 4106 1048 4192 loqui
1070 4105 1177 4183 dabat,

426 4211 505 4299 Igne
528 4214 577 4277 sui
599 4213 737 4278 flaminis
760 4214 815 4331 qui
837 4216 930 4278 cunct
931 4234 966 4277 os
916 4208 1217 4277 tinflammabat.

428 4318 477 4382 Ex
499 4317 559 4383 hac
581 4340 657 4383 1001
679 4321 792 4403 repent
792 4318 845 4383 ina
868 4316 1143 4382 contremescitto

428 4422 512 4489 civit
497 4426 547 4489 tas
569 4422 755 4502 Jerusalem,
778 4426 969 4509 stuporeque
991 4424 1164 4502 1011111101,

1352 4919 1355 4925 s
1445 4358 1462 5056 l
