3000 5125
809 366 872 431 250

410 541 503 609 Jesus
526 540 576 607 dei
598 540 693 622 filius,
716 546 839 608 creator
862 540 1049 622 seculorum,

411 649 575 715 Reducem
596 649 709 714 matris
732 651 870 715 animam
893 650 1018 735 corpori
1039 646 1214 729 coniunxit,

411 754 677 840 Archangeloque
700 754 850 821 Michaeli
872 755 1046 839 precipiens
1067 753 1218 834 iniunxit,

409 859 454 926 Ut
476 881 566 923 suam
586 861 721 924 matrem
743 862 882 923 sumeret
902 862 935 923 et
956 880 1027 923 eam
1048 861 1281 943 transportaret

213 978 215 980 ’
333 983 383 1019 ⁷⁴³⁶
410 963 449 1029 In
471 964 571 1029 celum
595 964 681 1029 etin
703 964 841 1050 gloriam
864 986 954 1029 suam
975 963 1153 1030 collocaret.

408 1067 514 1155 Igitur
535 1067 757 1155 Archangelus
779 1070 917 1135 Michael
939 1069 1064 1135 felicem

410 1173 545 1240 Mariam
567 1196 695 1238 sumens
717 1175 883 1261 virginem,
908 1175 957 1240 dei
979 1173 1176 1260 genitricem,

411 1278 491 1344 Cum
514 1280 700 1365 angelorum
722 1280 869 1346 cantibus
892 1286 924 1346 et
945 1280 1134 1345 iubilatione

409 1383 587 1468 Laudisque
609 1386 762 1469 tripudio,
786 1409 857 1451 cum
880 1386 1083 1463 exultatione,

329 1508 381 1544 ⁷⁴⁴0
408 1487 510 1572 Super
535 1489 648 1555 choros
671 1491 858 1577 angelorum
880 1492 913 1556 in
937 1492 1019 1557 celos
1043 1487 1275 1573 transportavit

407 1593 452 1657 Et
474 1617 543 1659 earn
566 1618 624 1661 suo
645 1596 713 1662 filio
733 1596 811 1663 lesu
833 1596 1038 1681 presentavit.

254 1849 594 1992 Quodassumptio
629 1898 792 2009 corporis
819 1896 938 1969 Maria
971 1895 1139 1969 revelata
1172 1894 1232 1965 est
1259 1889 1396 1961 Thome

613 2036 616 2040 ’
733 2021 916 2116 apostolo.
996 2099 1004 2114 .

408 2226 446 2292 In
469 2228 549 2292 hora
572 2229 699 2312 quando
721 2250 845 2294 sacrum
867 2250 981 2312 corpus
1005 2229 1202 2310 assumptum
1228 2226 1277 2289 est
1297 2220 1395 2286 Mario

406 2332 451 2396 Et
472 2336 686 2398 transvectum
709 2355 804 2417 super
827 2332 939 2397 choros
960 2331 1082 2397 celestis
1104 2329 1291 2408 hierarchie,

407 2437 486 2503 Cum
509 2439 725 2523 apostolorum
746 2445 834 2505 cetus
857 2440 960 2504 adhuc
983 2436 1215 2516 demorabatur,

328 2562 379 2599 2⁴⁴⁶
407 2542 458 2610 Ad
481 2545 640 2611 tumulum
663 2568 702 2611 ex
723 2545 802 2631 ipsis
824 2569 917 2626 nnus,
940 2544 1079 2610 Thomas
1101 2542 1157 2629 qui
1179 2543 1320 2621 vocatur,

405 2647 458 2714 Ab
481 2650 552 2715 aliis
567 2652 725 2736 apostolis
747 2652 907 2718 modicum
928 2652 1057 2717 recessit

405 2755 450 2819 Et
471 2757 505 2820 in
527 2757 630 2821 locum
654 2759 753 2823 alium
776 2781 840 2823 non
864 2758 978 2844 alonge
1000 2755 1136 2835 secessit,

406 2861 452 2926 Et
473 2862 640 2928 transferri
662 2864 743 2928 vidit
764 2864 811 2929 ibi
834 2863 968 2949 virginis
990 2863 1092 2928 Maris

406 2966 457 3031 Ad
479 2969 580 3033 celum
603 2991 726 3054 corpus,
749 2993 821 3034 cnm
842 2974 995 3034 concentu
1018 2969 1140 3034 celastis
1162 2967 1337 3046 harmonie,

326 3090 377 3126 ⁷4⁶0
399 3064 448 3135 Et
470 3074 591 3139 audivit
613 3074 743 3160 angelos
765 3076 918 3160 plurimos
942 3075 1122 3159 psallentes,

404 3175 442 3241 In
464 3178 566 3242 celum
588 3201 700 3265 corpus
722 3181 856 3267 virginis
878 3181 980 3246 Marie
1002 3180 1184 3245 deferentes.

404 3280 455 3345 Ad
479 3283 636 3349 orationes
659 3307 732 3350 suas
754 3309 829 3351 mox
851 3286 1093 3351 convertebatur

403 3385 511 3471 Atque
532 3385 643 3453 Jesurn
664 3389 766 3455 filium
788 3389 890 3456 Marie
912 3392 1109 3476 precabatur,

404 3492 451 3558 Ut
473 3494 535 3558 sibi
556 3495 682 3582 signum
706 3496 834 3581 aliquod
856 3519 875 3562 a
897 3497 955 3562 deo
977 3496 1164 3574 traderetur,

325 3615 376 3653 asc
404 3597 464 3663 Per
487 3600 572 3685 quod
593 3601 641 3665 illi
663 3601 743 3665 visio
765 3601 839 3666 talis
861 3602 1049 3679 crederetur,
1473 3632 1474 3697 l

370 3757 375 3765 .
403 3702 446 3766 Et
469 3707 553 3787 quod
574 3705 680 3770 nullus
704 3706 865 3772 dubitaret
886 3707 990 3791 ipsum
1013 3704 1210 3789 conspexisse
1471 3726 1473 3803 4

403 3806 606 3874 Translatum
628 3833 741 3894 corpus
764 3811 898 3897 virginis
921 3814 961 3877 ad
984 3811 1094 3876 ethera
1115 3810 1221 3875 tulisse.

402 3911 491 3978 Tunc
514 3914 553 3978 ed
575 3938 647 3980 eum
669 3917 782 3982 cecidit
803 3940 842 3982 ex
862 3918 1001 3984 nubibus
1023 3917 1175 3996 velamen,

403 4016 492 4092 Quod
515 4018 615 4084 Marie
637 4024 777 4107 corporis
798 4022 905 4089 fuerat
926 4024 1075 4111 ligamen.

323 4142 374 4179 ⁷⁴⁶⁰
401 4122 485 4188 Nam
508 4129 556 4189 est
578 4127 617 4190 ad
639 4150 711 4192 eum
734 4130 867 4195 linteum
891 4132 1054 4196 desursum
1076 4128 1271 4206 devolutum,

401 4227 546 4313 Virginis
569 4254 632 4315 quo
654 4232 759 4298 fuerat
780 4257 892 4319 corpus
914 4235 1103 4300 involutum.

400 4333 538 4399 Thomas
561 4337 669 4409 statim
691 4340 928 4423 apprehendens
951 4364 1091 4426 pannum
1114 4342 1199 4408 hunc
1222 4342 1356 4405 letanter

367 4444 369 4448 ‘
398 4436 450 4503 Ad
473 4441 611 4529 reliquos
634 4444 804 4529 discipulos
827 4449 967 4513 cucurrit
989 4449 1187 4535 festinanter.
1219 4538 1222 4541 .
