3000 5125
554 415 558 424 ’
661 416 723 487 157

272 591 366 661 lesus
389 596 497 661 omncs
520 596 685 681 alloquens
708 599 753 662 sic
775 597 937 681 respondit
960 595 1006 662 ei:

276 699 364 765 »Hoc
386 701 414 765 si
438 700 526 765 vobis
549 700 658 766 dixero
681 701 761 765 mihi
784 722 849 765 non
871 700 1015 780 credetis,

272 803 307 870 Si
329 827 385 870 vos
406 806 655 892 interrogavero,
679 829 736 873 nec
759 806 839 871 mihi
861 807 1075 891 respondetis;

273 907 341 975 Nec
363 910 450 976 abire
473 910 609 976 liberum
631 934 681 977 me
702 912 797 978 modo
821 911 998 991 dimittetis,

194 1032 249 1071 ⁴⁶⁷⁶
276 1013 397 1080 Tamen
418 1016 480 1081 hoc
501 1017 586 1100 quod
610 1016 679 1081 dico
702 1017 793 1081 vobis
817 1016 896 1081 scire
917 1039 1002 1081 nunc
1025 1013 1163 1092 debetis3

276 1119 303 1184 A
328 1120 422 1186 modo
443 1143 495 1186 me
516 1122 664 1186 ridebitis
687 1144 782 1206 super
805 1143 861 1187 vos
884 1121 1043 1186 sedentem

277 1223 315 1289 In
338 1226 450 1290 dextra
473 1227 523 1292 dei
544 1227 647 1292 filium
669 1228 819 1308 hominis,
843 1227 1014 1293 habentem

277 1330 440 1396 Virtutem
460 1336 556 1417 atque
578 1332 725 1419 gloriam,
749 1334 968 1418 mundumque
990 1334 1162 1417 regentem,

179 1432 183 1436 ’
277 1432 330 1500 Ad
349 1435 552 1502 iudicandum
574 1439 713 1503 seculum
736 1437 771 1503 in
794 1437 1110 1504 cumvenientem«

198 1556 252 1595 nse
283 1538 388 1626 »Ergo
410 1540 460 1606 dei
482 1541 566 1607 filius
590 1566 622 1608 es
635 1546 670 1608 l«
695 1543 743 1608 illi
767 1544 877 1609 dicunt
898 1543 937 1608 ei.

285 1645 369 1710 »Vos
391 1646 536 1712 dixistis‹
561 1645 655 1713 Jesus
677 1648 733 1725 ait,
759 1670 851 1713 »nam
874 1646 960 1713 filius
982 1670 1054 1712 sum
1075 1643 1164 1710 deit«

281 1748 371 1815 Tunc
393 1755 495 1816 vestes
518 1775 591 1818 suas
612 1752 754 1818 lacerans
778 1751 923 1838 pontifex
945 1752 1113 1819 clamavit:

287 1856 492 1924 ›Audistisne
513 1859 754 1944 blasphemiam,
777 1882 846 1927 ecce
868 1858 1111 1944 blasphemavit,

130 2040 135 2054 Ι
286 1961 369 2038 Quid
393 1984 521 2049 egemus
544 1965 721 2030 testibuslr
746 1968 781 2030 at
802 1965 851 2030 illi
873 1963 1082 2030 frenduerunt

204 2085 258 2124 4⁶⁸⁶
285 2066 322 2133 In
345 2066 456 2147 Jesum
477 2071 542 2135 suis
565 2071 712 2136 dentibus
734 2071 904 2136 stridentes
925 2061 1158 2134 clamaverunt:

287 2172 431 2261 »Dignus
453 2178 512 2254 est,
535 2183 572 2239 ut
594 2176 754 2241 occidatur
764 2179 791 2239 t«
815 2175 908 2239 illum
929 2172 1108 2250 illudentes,

285 2276 323 2342 In
346 2301 436 2344 suam
458 2275 720 2367 benignissimam
742 2279 855 2364 faciem
878 2281 1036 2364 spuentes,

285 2382 435 2469 Colaphis
457 2390 490 2449 et
512 2385 613 2470 alapis
636 2386 721 2450 hunc
744 2383 891 2469 plurimis
913 2384 1057 2448 cedentes

286 2487 491 2573 Afflixerunt,
514 2492 646 2557 barbam
668 2492 735 2557 eius
757 2493 925 2556 traxerunt
947 2490 1125 2555 evellentes.

314 2804 418 2891 Quod
445 2809 556 2885 lesus
583 2812 718 2886 ductus
745 2815 805 2884 est
832 2810 880 2883 ad
906 2809 1084 2883 Pilatum.

208 3033 262 3071 ⁴⁶⁹⁰
289 3013 368 3080 (lum
389 3016 456 3082 dies
477 3017 542 3082 iam
564 3018 758 3097 claresceret,
782 3016 921 3102 presides
943 3016 1080 3102 ligatum

288 3119 421 3186 Dulcem
443 3120 553 3187 Jesum
576 3123 776 3188 deduxerunt
798 3123 838 3186 ad
860 3121 1013 3206 presidem
1036 3119 1187 3185 Pilatum.

289 3222 412 3291 Pilatus
435 3226 481 3291 ait
503 3228 541 3292 ad
565 3249 636 3292 eos:
664 3226 779 3292 »Hunc
800 3249 856 3291 cur
879 3227 1080 3291 adduxistis?

290 3329 372 3406 Quid
394 3333 479 3397 enim
500 3335 576 3399 mali
600 3334 676 3400 fecit
696 3334 759 3414 hic,
781 3355 838 3399 cur
859 3332 951 3397 illum
973 3354 1029 3397 vos
1051 3330 1160 3414 cepist'
1189 3333 1223 3394 l«

290 3434 463 3502 Dixerunt:
489 3437 576 3504 »Nos
598 3440 777 3505 invenimus
799 3440 904 3523 ipsum
927 3437 1151 3524 prohibentem

213 3556 265 3595 4⁵⁹⁵
293 3537 429 3606 Tributa
452 3543 520 3617 dari
542 3542 658 3623 cesari,
683 3564 805 3610 necnon
828 3547 1059 3628 pervertentem

291 3643 412 3711 Nostra
433 3647 615 3728 cerimonia,
637 3649 741 3735 legem
765 3653 861 3733 atque
883 3651 1022 3733 gentem,

292 3751 399 3836 Atque
421 3754 512 3818 nobis
534 3754 694 3838 quandam
716 3776 832 3820 novam
855 3754 1031 3819 doctrinam
1050 3752 1282 3816 inducentem<

294 3854 417 3922 Pilatus
440 3858 502 3925 ait:
529 3860 637 3946 »Ergo
658 3882 715 3926 vos
736 3861 823 3925 huuc
845 3858 1006 3942 accipiatis

293 3960 338 4025 Et
360 3965 530 4028 secundum
552 3966 655 4051 legem
678 3970 819 4030 vostram
841 3965 946 4050 ipsum
968 3963 1147 4028 occidatis«

213 4085 267 4124 neoc
295 4066 1286 4155 ›Noulicetnobis‹responderunt,›utqucmquamoccidamus,

294 4171 354 4237 Sed
378 4174 417 4238 ad
440 4175 643 4240 occidendum
665 4198 736 4240 eum
760 4175 820 4240 tibi
843 4179 1092 4259 presentamus«

297 4276 364 4342 »Tu
388 4302 420 4343 es
442 4277 617 4346 Judeorum
640 4303 713 4346 rex«
739 4281 779 4346 ad
801 4279 912 4345 Jesum
934 4284 1011 4344 tunc
1032 4277 1155 4342 Pilatus

293 4380 361 4463 Ait,
385 4407 483 4469 quum
505 4409 611 4451 coram
634 4409 672 4452 eo
693 4387 801 4451 stabat
822 4386 875 4450 hic
896 4385 1046 4471 ligatus«

296 4488 381 4557 >Cur
403 4492 443 4558 ad
464 4496 599 4558 mortem
622 4498 679 4557 tua
701 4513 779 4581 gens
802 4490 834 4558 te
857 4491 967 4571 tradit,
990 4489 1068 4577 quid
1089 4487 1239 4554 fecistilc
