3000 5125
792 351 855 427 222

408 538 522 604 Fiebat
543 539 608 602 iam
631 537 796 621 dispersio,
819 536 923 602 adhue
944 559 1016 602 oum
1035 539 1137 601 matre
1159 536 1210 601 dei

408 643 571 709 Johannes
593 643 627 707 in
650 642 828 707 Jerusalem
851 642 970 708 mansit
992 646 1024 707 et
1046 640 1164 727 Alphei

408 748 556 828 lacobus,
579 770 651 813 oum
672 748 750 833 ipsis
773 748 902 833 qnidam
925 746 1072 833 disoipuli
1093 748 1224 827 occulte

329 873 381 913 ιω
406 853 514 940 Atque
536 858 643 919 sancte
663 852 781 918 femine
802 856 989 917 manserunt
1009 851 1056 916 ibi
1077 851 1187 928 multe,

406 959 474 1038 Qus
489 958 706 1044 possessiones
730 961 859 1023 cunetas
881 957 1061 1022 reddituum
1083 979 1212 1022 suorum

406 1064 623 1131 Vendiderant
645 1068 677 1128 et
700 1063 839 1147 pretium
861 1062 1003 1128 omnium
1026 1084 1136 1127 eorum

406 1170 458 1235 Ad
480 1170 574 1255 pedes
597 1169 807 1253 deposuerant
828 1169 893 1234 iam
915 1168 1141 1252 apostolorum,

408 1274 455 1342 Ut
477 1278 605 1359 possent
627 1275 661 1338 in
683 1274 819 1359 collegio
841 1274 947 1338 virere
969 1276 1160 1339 sanctorum.

330 1401 382 1438 roro
406 1379 472 1445 Iste
493 1384 566 1464 post
587 1379 814 1464 dispersionem
836 1377 1014 1444 Jerusalem
1037 1381 1222 1443 manserunt

406 1487 451 1551 Et
472 1486 506 1550 in
529 1489 670 1571 egestate
691 1486 828 1550 maxime
850 1486 980 1570 penurie
1002 1485 1159 1551 vixerunt.

252 1786 357 1872 Quod
384 1786 507 1860 Maria
533 1787 640 1882 virgo
676 1787 780 1859 misit
806 1786 831 1860 J
834 1787 1020 1861 ohannem
1049 1786 1325 1881 evangelistam
1354 1784 1407 1856 ad

687 1910 968 2005 predicandum.
1489 1897 1491 1912 ⁴

408 2118 549 2184 Tandem
572 2119 622 2184 dei
644 2120 786 2202 genitrix
807 2119 987 2185 Johannem
1009 2119 1199 2184 adhortatur

410 2223 458 2289 hd
480 2224 715 2308 predicandum,
738 2219 824 2309 quod
846 2224 967 2308 etipse
989 2227 1066 2289 tune
1088 2223 1326 2310 proficiscatu13

406 2327 467 2394 Sed
490 2329 542 2393 hio
564 2328 735 2395 difficulter
757 2334 893 2394 matrem
915 2329 1036 2394 domini
1058 2329 1189 2409 dimisit,

327 2454 379 2492 ⁶⁶2⁵
407 2433 508 2510 Quam
530 2435 564 2498 in
579 2438 679 2500 'eruce
700 2435 794 2501 Jesus
816 2458 872 2501 sue
894 2436 1035 2501 custodie
1057 2434 1225 2500 commisit.

407 2539 481 2606 Non
504 2541 572 2606 sine
594 2523 701 2607 dolore
723 2543 826 2608 cordis
848 2541 889 2607 ab
910 2542 981 2628 ipsa
1005 2546 1171 2628 separatur

405 2632 507 2721 Quam
530 2645 674 2712 Christus
698 2648 760 2712 sibi
782 2648 1022 2727 commendavit,
1046 2669 1119 2712 oum
1141 2647 1348 2714 moriebatur.

407 2750 558 2816 Mandato
581 2759 688 2819 tamen
710 2754 845 2839 virginis
868 2753 1039 2838 discipulus
1063 2752 1179 2834 obedit,

408 2853 455 2922 Ut
477 2856 609 2924 verbum
630 2860 680 2924 dei
700 2859 849 2944 predicet,
873 2860 912 2924 ad
935 2863 1059 2944 tempus
1082 2858 1135 2923 hio
1157 2857 1284 2923 resedit.

328 2978 379 3016 ⁶⁶⁸0
407 2959 513 3045 Ipsam
535 2966 642 3029 tamen
665 2962 785 3029 Jacobo
808 2963 925 3048 Alphei
947 2963 1188 3042 commendavit,

407 3065 455 3132 Ut
477 3089 536 3150 pro
558 3090 592 3132 se
614 3089 723 3132 euram
745 3069 845 3152 ipsius
868 3072 986 3154 ageret,
1009 3067 1192 3147 mandavit·

406 3171 541 3238 Mariam
564 3173 765 3240 devotissime
787 3173 926 3239 Jacobus
948 3174 1096 3258 susoepst,

406 3276 522 3342 Curam
544 3280 610 3343 eius
634 3301 729 3365 agere
751 3281 865 3345 devota
887 3284 992 3345 mente
1013 3280 1107 3363 oepit.

250 3576 352 3680 Quod
380 3574 572 3651 lohannes
599 3577 739 3652 locavit
766 3576 925 3652 Mariam
962 3578 1001 3649 in
1029 3578 1140 3650 domo
1168 3577 1393 3649 sanctissimi

628 3702 699 3774 viri
726 3701 877 3774 nomine
905 3699 1017 3795 Syon.

407 3906 482 3974 Fuit
503 3908 538 3973 in
560 3908 737 3975 Jerusalem
760 3911 810 3975 vir
831 3898 959 3975 sanctus
982 3914 1014 3976 et
1035 3910 1177 3989 devotus

196 4044 204 4059 ·
329 4033 381 4071 ⁶⁶⁸⁵
409 4014 469 4091 Qui
492 4016 616 4081 deditus
640 4017 787 4100 operibus
810 4017 901 4081 honis
924 4019 992 4081 erat
1014 4019 1120 4089 totus;
1481 4074 1482 4079 ,

406 4119 490 4185 Nam
514 4120 703 4185 Christianis
724 4121 829 4185 multa
850 4120 935 4185 bona
955 4120 1138 4205 frequenter
1161 4118 1371 4204 impendebat,
1480 4084 1482 4217 Ι

404 4226 448 4291 Et
471 4227 577 4312 largas
600 4226 795 4308 elemosynas
818 4227 926 4312 egenis
948 4225 1119 4291 tribuebat.
1480 4232 1481 4235 ’

405 4330 523 4396 Hicin
546 4330 707 4395 Christum
732 4331 865 4396 eredidit
886 4331 1011 4415 fuitque
1033 4332 1223 4415 baptizatus,

405 4435 515 4502 Fidem
536 4438 628 4502 factis
652 4436 847 4521 adimplevit,
871 4435 957 4521 Syon
980 4436 1168 4522 appellatus,
1478 4432 1480 4591 p
