3000 5125
565 473 567 475 ,
650 391 710 463 191

260 565 305 635 llt
324 589 375 636 me
397 568 572 656 majestatis
595 577 650 638 tue
671 596 784 658 sapore
808 571 965 655 recreasti,

176 694 233 733 5555
260 676 392 741 Occulta
413 678 540 742 deitatis
562 683 616 743 tue
639 679 718 743 mibi
740 681 897 758 revelasti,

260 780 321 846 Sed
342 786 378 846 tu
400 782 481 846 mihi
502 784 595 867 signa
618 806 689 849 vere
710 785 775 849 iem
797 786 1007 851 dilectationis

260 885 435 952 Ostendisti
456 887 515 953 sub
538 888 598 953 hac
619 889 699 954 hora
721 895 775 955 tue
796 891 960 975 passionis,

260 991 345 1056 Nam
368 995 457 1055 tuam
478 993 691 1058 dulcissimam
713 999 848 1060 matrem
871 999 967 1079 atque
988 996 1074 1079 piam

260 1096 436 1183 Virginem,
460 1120 497 1162 ac
519 1098 679 1164 dominam
701 1121 804 1164 meam
826 1098 908 1164 hanc
931 1100 1076 1179 Mariam,

184 1221 237 1258 5555
263 1200 333 1267 Mee
354 1206 392 1266 tu
414 1203 554 1267 custodie
575 1206 665 1287 pater
687 1204 881 1283 commisisti,

262 1307 377 1392 Meque
399 1330 458 1392 pro
480 1313 512 1373 te
533 1310 728 1393 provisorem
749 1310 810 1374 sibi
832 1309 983 1374 statuisti.

261 1412 308 1478 Ve
328 1412 420 1490 mihi,
444 1435 481 1477 ve
503 1413 681 1497 depositum
702 1414 763 1478 hoc
785 1415 942 1498 quomodo
965 1415 1106 1494 servabo,

260 1517 330 1582 Hoc
347 1517 402 1582 dei
424 1516 596 1580 sacrarium
619 1518 777 1601 quomodo
799 1517 933 1582 curabo!

262 1622 405 1700 Qualiter
427 1620 660 1686 sanctissimum
683 1621 744 1686 hcc
766 1622 928 1705 templum·
941 1622 1000 1686 filii
1023 1623 1083 1701 dei,

184 1747 238 1784 5555
263 1727 462 1812 Matremque
483 1727 697 1791 dulcissimam
720 1727 886 1792 salvatoris
909 1729 971 1793 mei

263 1833 443 1898 Reverebor
465 1832 580 1910 debite,
602 1832 775 1916 mundique
796 1832 1005 1913 salvatricem,

259 1939 303 2004 m
325 1939 431 2004 dilecti
453 1937 573 2002 domini
594 1937 657 2002 mei
679 1937 888 2023 genitricem?

263 2044 488 2129 Quomodoque
510 2045 644 2109 serviam
667 2044 776 2129 regine
793 2044 994 2128 angelorum,

262 2150 306 2214 ut
328 2150 503 2215 seculorum
525 2150 666 2216 omnium
689 2153 726 2212 at
748 2148 874 2212 domiue
897 2147 1060 2213 celorum?

184 2274 238 2312 suo
262 2252 290 2317 0
313 2254 440 2319 domine
461 2254 633 2319 mitissime
648 2254 694 2318 mi
716 2253 816 2318 dulcis
839 2256 871 2317 et
892 2252 1003 2333 fidelis,

262 2357 289 2423 0
312 2358 389 2424 Jesu
411 2360 661 2437 clementissime,
685 2363 776 2443 pater
797 2358 841 2422 mi
864 2359 902 2423 de
923 2359 1007 2437 celis,

263 2463 291 2527 0
314 2466 442 2530 unicum
464 2465 612 2555 solatium
635 2468 667 2529 et
690 2485 761 2547 spes
783 2463 1030 2546 desperatorum,

263 2568 290 2634 0
312 2571 478 2637 miserator
500 2572 641 2635 omnium
663 2573 696 2634 et
717 2569 803 2633 salus
824 2569 1030 2633 miserorum!

262 2676 315 2740 Me
336 2679 485 2760 tuamque
509 2676 632 2740 tristem
655 2679 791 2738 matrem
813 2675 876 2738 cito
900 2674 1069 2738 consolare

183 2798 237 2836 5555
263 2779 323 2845 Per
345 2785 434 2845 tuam
456 2781 716 2846 resurrectionem
738 2801 834 2864 quam
858 2801 915 2843 nos
937 2782 1101 2862 expectare

263 2883 340 2949 Post
363 2891 427 2950 tres
449 2886 514 2950 dies
536 2907 607 2949 cum
630 2876 732 2949 adbuc
755 2884 875 2948 viveres
897 2883 1027 2962 iussisti,

263 2988 353 3064 Quod
375 3013 500 3056 rursum
524 2990 667 3053 visitares
690 3011 748 3053 nos
771 2968 861 3054 vivus
882 2988 1087 3073 promisisti.‹

239 3309 419 3382 Planctus
446 3308 549 3383 Petri
576 3311 696 3404 apost.
726 3310 766 3381 et
792 3306 1001 3403 penitentia
1028 3308 1118 3380 eius.

264 3516 371 3582 Simon
395 3516 507 3582 Petrus
531 3541 658 3602 presens
680 3522 749 3599 erat
771 3519 805 3581 in
827 3517 905 3582 Jesu
926 3516 1090 3600 passione3

263 3621 348 3686 Nam
370 3627 498 3706 propter
520 3624 695 3709 signaque
717 3623 838 3687 fiebant
859 3622 893 3685 in
916 3621 1135 3686 obscuratione

185 3745 236 3782 5555
264 3725 356 3803 Solis,
379 3727 462 3806 lune,
485 3731 673 3793 terremotus
696 3728 789 3793 multi
812 3730 1047 3792 concurrerunt.

263 3830 376 3896 Petrus
399 3834 485 3897 venit
508 3838 540 3897 et
563 3856 633 3898 cum
657 3856 693 3898 eo
715 3833 830 3918 reliqui
854 3835 1009 3896 venerunt

265 3936 429 4020 Discipuli,
453 3939 507 4021 qui
530 3961 629 4022 usque
652 3943 727 4002 tunc
750 3937 927 4003 absconditi
949 3937 1102 4016 latebant,

263 4038 324 4105 Pre
346 4042 460 4105 timore
483 4041 658 4106 Judeorum
680 4042 807 4126 prodire
828 4063 893 4106 non
916 4041 1085 4106 audebant.

263 4142 324 4209 Sed
347 4167 418 4209 cum
440 4147 497 4210 illa
517 4148 587 4212 fieri
609 4149 701 4233 signa
723 4151 928 4231 respexerunt

183 4268 236 4306 5555
264 4247 443 4315 Consortati
464 4252 630 4334 paululum
651 4253 757 4317 cuncti
777 4255 999 4317 convenerunt.

262 4352 399 4418 Mortem
421 4356 471 4419 sui
494 4357 613 4420 domini
635 4378 705 4420 cum
729 4356 850 4439 gemitu
872 4356 1012 4419 videntes

262 4455 364 4543 Super
385 4460 491 4545 ipsum
513 4462 631 4547 singuli
654 4462 816 4547 planctum
833 4461 998 4529 iacientes.
