3000 5125
775 406 838 476 140

643 688 768 762 Tenor
794 688 962 785 epistole.

384 897 535 984 Abgarus
557 895 721 963 Vochanie
743 897 830 962 filius
853 896 1045 982 'Phoparcha

383 1004 474 1068 Bono
496 1002 573 1068 Jesu
596 1004 749 1068 salvatori
771 1004 826 1088 qui
850 1007 898 1069 est
920 1004 1103 1087 patriarcha

383 1108 516 1174 Manens
539 1109 573 1172 in
595 1108 774 1174 Jerusalem
796 1108 914 1173 finibus
936 1085 1081 1177 sulutem.

383 1214 432 1280 De
454 1219 487 1279 te
509 1236 567 1280 nos
590 1213 770 1278 audivimus
792 1213 964 1298 plurimam
987 1214 1149 1295 virtutem,

306 1340 358 1378 ⁴⁰20
384 1319 487 1397 Quam
509 1320 587 1385 facis
608 1321 642 1384 in
666 1319 833 1400 debilibus,
856 1319 993 1384 infirmis
1016 1322 1048 1384 et
1069 1321 1199 1406 egrotis,

383 1424 508 1491 Alienis
530 1429 563 1491 et
585 1425 783 1510 propinquis,
807 1425 892 1490 notis
915 1427 947 1490 et
968 1423 1099 1510 ignotis,

385 1529 476 1607 Quod
500 1531 568 1595 sine
588 1530 806 1609 medicamine,
829 1530 988 1596 radicibus
1011 1534 1044 1595 et
1066 1530 1183 1611 herbis,

387 1633 486 1700 Curae
509 1635 703 1721 egritudines
726 1635 802 1700 solis
825 1638 953 1701 tantum
974 1634 1088 1701 verbis.

385 1739 472 1806 Cecis
494 1742 597 1806 visum
620 1763 760 1826 reparas,
783 1742 880 1806 mutis
902 1742 959 1806 das
980 1741 1150 1827 loquelam,

308 1863 361 1902 ⁴0²⁶
388 1843 499 1911 Surdis
521 1869 612 1912 aures
634 1869 765 1926 reseras,
789 1846 915 1911 auditus
938 1846 1017 1911 dans
1038 1846 1203 1926 medelam,

386 1951 521 2017 Claudos
544 1952 622 2018 facis
645 1953 818 2032 ambulare,
841 1952 1037 2038 mundasque
1060 1952 1209 2036 leprosos,

386 2056 485 2140 Ejicis
507 2058 662 2138 demonia,
685 2080 779 2123 sanas
801 2056 948 2138 furiosos,

386 2159 485 2226 (iuras
507 2163 709 2249 paralyticos,
732 2163 784 2229 his
806 2164 939 2229 reddens
962 2163 1141 2241 sanitatem,

385 2266 592 2353 Mortuosque
614 2270 748 2335 suscites
769 2291 826 2353 per
848 2272 938 2333 tuam
960 2272 1160 2353 potestatem.

307 2392 358 2429 4⁰³⁰
387 2372 504 2440 Omnes
527 2375 721 2461 egritudines
743 2378 779 2439 tu
803 2395 895 2439 curas
918 2377 950 2439 et
971 2374 1151 2460 languores,

387 2479 594 2546 Infirmitates
617 2481 731 2562 varias,
755 2480 886 2545 morbus
908 2482 941 2544 et
962 2472 1096 2545 dolores.

385 2584 453 2651 Ista
475 2591 512 2652 tu
535 2609 606 2652 oum
629 2586 737 2667 facias,
761 2585 853 2651 credo
876 2584 961 2669 quod
984 2585 1027 2649 sis
1050 2584 1135 2666 deus,

386 2690 459 2757 Sive
481 2693 531 2758 dei
553 2692 648 2773 filius,
672 2693 757 2778 quod
779 2691 896 2776 impius
919 2690 1039 2756 Judeus

385 2796 461 2863 Non
483 2797 593 2877 credit,
615 2820 687 2863 cum
709 2801 747 2862 tu
770 2796 893 2863 veneris
916 2818 1025 2861 eorum
1047 2796 1089 2862 ob
1111 2797 1248 2862 salutem

309 2920 360 2958 ⁴⁰³⁶
387 2903 436 2968 De
458 2903 533 2968 celis
556 2907 652 2988 atque
673 2902 771 2968 facias
793 2904 828 2966 in
850 2902 894 2967 eis
917 2903 999 2995 hanc
1021 2902 1184 2967 virtutem.

387 3006 492 3092 Igitur
514 3011 546 3073 te
569 3009 727 3093 deprecor,
751 3011 908 3094 quatenus
930 3007 1071 3092 digneris

387 3113 438 3177 Ad
459 3136 511 3177 me
533 3113 641 3178 venire
664 3135 721 3177 nec
743 3114 778 3177 in
800 3113 860 3177 hoo
882 3115 915 3178 te
936 3134 1016 3198 rogo
1038 3112 1210 3199 pigriteris,

387 3216 435 3284 Ut
457 3217 498 3282 ab
522 3218 701 3304 egritudine
724 3241 787 3303 qua
809 3217 864 3283 diu
886 3218 950 3282 iam
973 3219 1084 3284 laboro

386 3321 440 3388 Me
462 3345 561 3403 cures,
585 3323 646 3388 hoc
667 3323 853 3408 suppliciter
876 3345 895 3387 a
917 3326 950 3388 te
971 3323 1107 3388 clemens
1130 3345 1233 3388 exoro.

311 3448 363 3485 roro
388 3427 486 3492 Mitto
509 3429 669 3509 victualia,
693 3428 856 3495 vecturam
879 3433 911 3494 et
933 3451 1094 3513 expensas,

388 3532 496 3619 Atque
517 3535 692 3600 necessarie
714 3557 771 3619 per
793 3534 878 3600 viam
902 3537 934 3599 et
955 3535 1122 3619 impensas.

387 3639 498 3704 Etiam
519 3640 579 3706 hoc
603 3641 707 3718 audio,
731 3640 815 3724 quod
838 3644 870 3705 te
892 3643 1099 3725 persecuntur

387 3742 491 3824 Judei,
515 3766 572 3810 nec
594 3766 659 3811 non
681 3744 741 3809 tibi
763 3749 899 3810 mortem
921 3745 1038 3811 inferre
1061 3746 1250 3824 moliuntur,

388 3849 439 3914 Ad
461 3872 519 3914 uos
540 3872 616 3936 ergo
639 3851 746 3916 venias
768 3854 805 3915 tu
827 3872 878 3915 me
899 3855 1077 3930 curaturus,

309 3974 362 4011 ⁴04⁶
388 3953 469 4030 Quia
490 3978 613 4021 mecum
635 3956 834 4041 permanebis
857 3960 1010 4041 perpetuo
1033 3977 1160 4021 securus

387 4060 509 4125 Eorum
532 4062 572 4125 ab
594 4061 717 4126 insidiis
740 4066 772 4127 et
795 4061 1006 4146 malignitate,

388 4164 490 4242 Quum
513 4166 688 4231 moliuntur
710 4171 821 4233 contra
843 4172 875 4232 te
897 4189 969 4232 cum
991 4167 1171 4251 iniquitate.

388 4270 472 4336 Mihi
493 4295 568 4336 nam
590 4276 639 4337 est
660 4252 777 4338 civitas·
794 4295 902 4357 parva,
926 4272 980 4338 sed
1002 4272 1146 4352 honesta,

386 4376 431 4446 Et
452 4377 579 4448 habitat
600 4377 633 4446 in
658 4399 794 4468 eugeus
817 4378 954 4468 prudens
977 4381 1009 4447 et
1032 4377 1182 4448 modesta.
