3000 5125
775 373 839 438 240

387 544 438 609 Ex
460 545 556 611 huius
578 546 689 610 muudi
710 546 849 612 tenebris
871 550 904 612 te
926 548 1002 632 quia
1025 547 1095 613 vult
1117 571 1237 631 vocare,

389 650 436 713 Ac
457 650 491 714 in
513 649 636 715 celestis
658 651 761 735 glorie
782 651 854 715 sede
876 652 1039 718 collocare.

387 753 438 819 'Pu
460 756 544 820 enim
567 756 617 821 die
640 756 736 821 tertia
759 757 858 821 vitam
879 757 962 822 hanc
985 759 1134 838 mutabis,

384 859 421 923 In
445 860 608 945 celumque
630 883 686 945 per
707 860 810 926 filium
832 866 995 947 assumpta
1017 865 1277 949 transmigrabis:

311 985 362 1022 ⁷1⁴⁰
387 964 426 1030 Iu
448 966 544 1031 huius
566 966 611 1030 rei
634 966 762 1051 signum
784 967 845 1030 tibi
868 968 1007 1051 palmam
1028 968 1111 1034 hanc
1134 971 1270 1053 portavi,

389 1070 462 1134 Tibi
485 1092 581 1155 quam
603 1092 622 1133 a
643 1069 711 1134 filio
733 1071 863 1135 missam
887 1072 1067 1156 assignavi3
1202 1075 1205 1080 '

389 1176 433 1239 Et
454 1175 537 1239 hanc
559 1179 679 1239 vestem
701 1174 848 1239 manibus
872 1176 1023 1261 angelicis
1046 1182 1221 1257 consutam,

390 1278 491 1356 Quam
513 1279 578 1342 tuis
600 1279 634 1342 in
657 1280 797 1364 exequiis
820 1280 937 1345 habeas
960 1281 1121 1365 indutam;

388 1383 432 1448 Et
445 1383 491 1447 *ut
511 1388 586 1448 tuus
608 1383 713 1448 obitus
736 1406 809 1449 oum
832 1384 1050 1451 observatione

310 1506 362 1544 714⁶
389 1486 463 1552 Fiat
485 1493 580 1573 atque
602 1488 709 1554 debita
732 1489 943 1570 veneratione,

389 1593 496 1678 Atque
518 1617 641 1659 sacrum
663 1615 776 1679 corpus
798 1598 890 1659 tuum
912 1594 1043 1680 indigne
1065 1618 1105 1660 ne
1126 1599 1292 1675 tractetur,

388 1698 456 1764 Nec
470 1722 498 1763 ,a
519 1697 629 1765 Judeis
651 1699 758 1784 impiis
780 1700 841 1764 hoc
863 1700 1096 1780 dehonestetur,

387 1804 497 1870 Mittet
517 1804 577 1869 tibi
599 1804 684 1869 filius
706 1809 780 1869 tuus
803 1804 966 1870 universos

388 1910 567 1993 Apostolos,
590 1933 645 1994 per
667 1913 772 1974 totum
794 1910 947 1975 mundum
969 1910 1066 1996 longe
1087 1911 1151 1975 iam
1174 1911 1344 1995 dispersos,

309 2032 361 2070 ⁷1⁶0
390 2012 440 2078 Ad
463 2019 554 2080 tuum
577 2036 685 2079 omnes
707 2014 828 2079 exitum
850 2016 905 2099 qui
928 2016 1217 2101 congregabuntur,

387 2120 431 2184 Et
453 2120 548 2205 digne
570 2124 660 2184 tuum
684 2120 808 2184 obitum
830 2120 865 2184 hi
888 2120 1131 2186 venerabuntur.

387 2222 459 2308 Ipse
480 2224 530 2289 dei
550 2224 635 2289 filius
657 2224 750 2290 Jesus
773 2225 967 2305 incarnatur,

386 2328 494 2413 Atque
516 2329 553 2394 de
575 2329 775 2394 sanctissimo
798 2334 908 2395 ventre
930 2334 986 2394 tuo
1010 2334 1113 2411 natus,

385 2432 437 2498 Ad
460 2438 492 2498 te
513 2433 721 2518 personaliter
744 2435 872 2499 veniens
895 2434 1069 2515 descendet,

308 2555 360 2593 71⁵⁶
385 2536 493 2624 Atque
514 2544 658 2605 sanctam
679 2540 818 2604 animam
840 2543 929 2605 tuam
951 2539 1174 2625 apprehendet,

386 2646 430 2708 Et
451 2646 491 2709 ad
513 2647 658 2711 celestem
680 2647 801 2711 curiam
823 2647 925 2730 ipsam
948 2646 1189 2730 transportabit,

386 2748 486 2832 Super
507 2749 620 2815 choros
643 2750 830 2835 augelorum
852 2772 984 2834 eamque
1007 2750 1133 2815 locabit.

385 2854 462 2919 Post
484 2854 545 2920 hoe
566 2856 617 2920 die
638 2856 732 2921 tertio
756 2855 896 2919 animam
918 2856 1044 2920 reducet

385 2959 430 3023 Et
452 2960 651 3025 coniunctam
673 2961 797 3044 corpori
821 2983 947 3026 rursum
970 2959 1159 3038 introducet,
1230 3030 1233 3035 ⁴

309 3083 361 3121 aro
385 3063 423 3128 In
446 3066 591 3131 celestem
612 3066 748 3151 gloriam
771 3071 808 3130 ut
830 3065 925 3130 simul
946 3066 1163 3143 iocundentur,

330 3153 333 3157 ’
385 3169 429 3233 Et
450 3169 483 3233 in
507 3171 622 3236 eternis
645 3171 770 3256 gaudiis
793 3193 915 3255 semper
938 3171 1169 3236 consolentur«

231 3394 334 3481 Quod
368 3398 523 3492 arigelus
551 3399 652 3473 dedit
680 3399 797 3473 Marie
824 3401 990 3495 palmam
1025 3402 1064 3472 et
1090 3343 1369 3472 uestimentum.

385 3588 462 3655 Post
483 3591 541 3655 hos
565 3612 723 3656 sermones
747 3590 879 3676 angelus
901 3590 1003 3656 Maria
1024 3590 1219 3676 presentavit

384 3694 526 3760 Palmam
550 3676 653 3781 atque
667 3697 902 3776 vestimentum,
927 3698 966 3761 ad
990 3691 1327 3782 celosque-migravit3

385 3801 429 3865 Et
451 3824 489 3865 ex
513 3801 605 3866 dictis
628 3802 694 3866 eius
717 3801 809 3887 virgo
832 3801 937 3866 Maria
959 3803 1141 3868 consolatur

227 3914 229 3919 '
305 3923 356 3961 71⁶⁶
385 3905 433 3970 Ac
455 3905 574 3971 domini
597 3928 667 3972 cum
690 3907 807 3992 gaudio
830 3908 1019 3992 promissum
1043 3906 1244 3992 prestolatur.

226 4140 330 4226 Quod
346 4141 466 4215 Maria
492 4146 662 4217 narravit-
689 4114 877 4219 sodalibus
896 4146 973 4218 suis
994 4144 1116 4239 angeli
1133 4142 1365 4236 legationem.
1446 4238 1449 4245 .

382 4325 501 4391 Tamen
524 4331 652 4392 cunctas
675 4328 808 4392 feminas
831 4329 935 4393 Maria
956 4326 1150 4404 convocavit,

383 4430 542 4509 Quacum
566 4456 603 4498 ea
626 4433 832 4499 morabantur
855 4439 886 4500 et
908 4435 972 4499 illis
995 4425 1155 4510 indicarit,
