3000 5125
684 388 725 454 25

217 582 256 620 ecc
286 562 391 647 Atque
413 582 502 626 suam
525 560 665 626 hostiam
684 560 801 626 'offerre
824 563 1008 643 voluissent,

285 668 334 733 Ad
356 667 444 732 illam
467 688 546 751 puer
567 666 706 732 hostiam
729 690 859 732 manum
883 670 1073 736 extendebat

283 773 326 838 ut
348 794 412 837 una
434 794 506 836 cum
528 771 713 855 parentibus
735 771 839 855 ipsam
862 772 1035 852 offerebat3

283 878 392 964 Atque
414 900 507 942 suum
529 876 705 956 reclinabat
726 882 823 961 caput
845 879 885 943 ad
909 880 1019 958 altare,

284 985 332 1050 Ac
354 985 381 1049 si
404 1006 438 1049 se
459 983 555 1049 vellet
577 983 722 1067 precibus
745 983 802 1047 deo
825 984 1019 1049 comendare.

218 1107 258 1146 ⁶⁰⁶
285 1088 346 1165 Qui
369 1091 529 1173 presentes
552 1087 684 1152 aderant
706 1086 880 1170 plurimum
902 1089 1073 1171 stupebant

283 1194 332 1261 De
353 1193 506 1258 mirandis
528 1194 619 1278 pueri
640 1192 733 1259 iactis
757 1199 789 1261 et
811 1195 966 1274 dicebant,

284 1297 374 1374 Quod
396 1298 479 1376 foret
502 1299 618 1364 eximia
639 1298 743 1383 proles
766 1298 824 1363 hec
847 1298 965 1380 futura,

205 1463 210 1479 ,
285 1406 330 1470 Et
353 1406 437 1491 quod
459 1407 542 1470 esset
564 1404 754 1490 dignitatem
776 1426 926 1490 magnam
950 1407 1112 1491 adeptura.
1132 1473 1135 1484 ,

285 1508 432 1586 ,Universi
456 1511 632 1576 sacerdotes
655 1512 693 1576 de
715 1510 809 1576 factis
832 1512 1032 1577 mirabantur

217 1636 256 1671 ⁵¹⁰
283 1614 419 1682 Infantis
442 1621 474 1681 et
495 1616 683 1701 parentibus
705 1618 1023 1702 congratulabamur,

285 1719 374 1796 Quod
397 1722 435 1786 de
457 1722 532 1787 celis
555 1722 701 1787 dominus
724 1722 810 1806 ipsos
833 1723 993 1790 visitasset

285 1828 329 1893 Et
350 1849 403 1892 eos
426 1828 609 1893 beatissima
631 1829 720 1913 prole
742 1829 950 1895 fecundasset.

283 1930 428 2018 Ipsisque
449 1934 635 2018 parentibus
660 1935 814 1999 dederunt
835 1934 869 1999 in
893 1935 1060 2014 mandatis,

284 2035 340 2118 Ut,
363 2061 434 2103 cum
457 2062 535 2124 puer
557 2045 677 2124 septem
701 2062 801 2106 annos
823 2041 985 2124 implesset
1005 2039 1071 2105 iam
1093 2039 1197 2119 statie,

218 2162 258 2200 ⁵1⁶
285 2143 391 2228 Ipsam
414 2146 448 2209 in
470 2144 649 2210 Jerusalem
671 2146 819 2211 reducere
841 2145 1001 2225 deberent,

285 2249 520 2330 Permittentes,
543 2252 627 2336 quod
650 2274 718 2316 eam
742 2273 814 2316 cnm
837 2252 950 2317 ceteris
973 2254 1119 2316 tenerent

283 2354 484 2440 Virginibus,
507 2379 569 2442 qne
590 2356 710 2442 iugiter
731 2357 778 2420 ibi
800 2357 1009 2421 morabantur

284 2459 384 2525 Juxta
405 2461 559 2547 templum
584 2462 763 2527 Salomonis
786 2467 818 2528 et
840 2462 1080 2527 famulabantur

284 2566 351 2632 Deo
374 2590 446 2632 cum
468 2569 644 2649 devotione,
667 2570 841 2654 templique
863 2569 1015 2634 tenebant

221 2690 261 2728 ⁶²⁰
287 2671 470 2738 Custodiam
494 2679 525 2741 et
548 2675 705 2739 luminum
728 2697 899 2760 curamque
921 2675 1092 2760 gerebant;

283 2777 392 2843 Etiam
415 2778 601 2843 altariorum
624 2781 835 2863 ornatumque
856 2778 1010 2857 fecerunt,

285 2882 392 2968 Atque
413 2884 560 2950 sacrificii
583 2906 659 2949 vasa
681 2884 923 2948 mundaverunt.

285 2989 407 3057 Jubent
430 3013 506 3076 ergo
528 2991 717 3069 sacerdotes,
740 2993 777 3053 ut
799 3011 932 3074 puerum
955 2993 1101 3074 parentes

285 3095 451 3162 Deducant
473 3100 546 3181 post
568 3095 739 3180 septimum
761 3117 890 3173 annum,
914 3095 1143 3178 permittentes,

221 3221 260 3258 ⁶2⁶
286 3202 377 3279 Quod
398 3225 468 3267 eam
490 3223 560 3266 cum
585 3200 764 3287 virginibus
788 3201 904 3265 vellent
926 3200 1089 3285 collocare,

204 3300 209 3311 “
284 3307 332 3373 Ut
353 3330 426 3372 cnm
447 3308 499 3372 his
520 3307 555 3371 in
577 3308 670 3372 domo
693 3308 743 3372 dei
765 3306 867 3391 possit
889 3307 1078 3371 ministrare.

232 3482 238 3490 ,
284 3413 363 3478 Post
385 3413 443 3477 hec
466 3417 613 3496 parentes
636 3412 769 3476 redeunt
791 3411 953 3477 Nazareth
974 3413 1158 3497 gaudentes,

244 3566 247 3572 «
285 3518 397 3584 Secum
419 3519 637 3583 beatissimam
659 3518 782 3602 prolem
804 3518 997 3583 reducentes.

215 3707 219 3713 ῃ
284 3623 351 3690 Hec
374 3624 478 3708 proles
501 3623 727 3709 aparentibus
750 3623 895 3687 decenter
918 3624 1069 3688 educatur

92 3741 96 3748 ·
221 3748 259 3784 sec
284 3727 329 3792 Et
350 3729 385 3793 in
408 3729 494 3793 omni
517 3728 684 3813 disciplina
707 3750 764 3812 per
786 3728 872 3812 ipsos
894 3727 1105 3806 informatum

285 3833 430 3900 Moribus
452 3834 634 3914 instruitur,
658 3834 720 3899 fide
742 3835 923 3913 roboratur,
1006 3830 1014 3853 ¹

283 3937 467 4006 Virtutibus
488 3941 643 4020 induitur,
667 3942 787 4025 pudore
809 3939 1013 4017 subornetur,

284 4043 415 4111 Servare
438 4046 623 4130 pudicitiam
646 4046 687 4110 ab
710 4045 789 4130 ipsis
812 4045 1010 4122 admonetur,

286 4150 448 4214 Bonorum
471 4151 645 4215 amicitiam
668 4150 802 4235 diligere
824 4149 964 4214 docetur.

219 4275 257 4313 ⁶³⁶
286 4255 468 4340 Tenereque
490 4256 626 4320 letitiam
648 4256 782 4340 spiritus
804 4256 943 4333 iubetur,

284 4359 328 4427 Et
349 4359 461 4448 fugere
483 4361 650 4429 tristitiam
672 4362 770 4429 seculi
793 4361 953 4430 suadetur.
