3000 5125
679 348 740 439 an

290 549 382 615 Jesus
405 571 529 634 panem,
553 548 704 634 frangens
727 571 809 628 eum,
835 554 867 614 et
888 548 953 615 illis
975 539 1154 620 exhibebat.

290 655 406 721 Statim
428 659 644 741 cognoverunt
667 676 739 719 enm
761 656 795 718 in
818 655 908 739 panis
930 655 1093 744 fractione,

289 760 349 826 Sed
371 762 438 845 ipse
459 783 534 825 mox
557 743 687 825 evanuit
710 758 750 823 ab
774 782 883 825 eorum
904 760 1033 825 visione.

210 885 262 923 6666
291 864 464 951 Surgentes
487 865 527 929 ad
549 864 719 949 discipulos
740 865 790 929 illi
812 866 990 943 redierunt3
1063 949 1069 956 ι

290 970 405 1035 Omnia
427 993 488 1056 qne
510 971 665 1050 viderant,
688 971 766 1054 ipsis
788 971 974 1050 retulerunt,

290 1075 433 1150 Qualiter
454 1079 612 1139 noverunt
633 1073 744 1140 Jesum
765 1075 800 1140 in
822 1077 913 1160 panis
935 1075 1109 1158 fractione,-

289 1180 338 1245 Ac
359 1182 393 1245 in
416 1202 474 1245 sua
494 1185 643 1245 consueta
668 1180 893 1245 benedictione.

265 1501 369 1588 Quod
398 1501 568 1574 dominus
596 1502 772 1598 apparuit
799 1500 942 1578 Jacobo
955 1503 1152 1597 ‘apostolo

290 1710 428 1777 Jacobus
452 1711 613 1795 apostolus
636 1711 670 1775 in
693 1711 812 1775 Christi
835 1711 980 1795 passione

213 1836 264 1875 ⁸2³⁶
290 1818 412 1882 Votum
435 1816 520 1894 iecit,
544 1839 576 1881 se
599 1818 819 1902 constringens
842 1839 914 1882 cum
937 1818 1143 1897 adiuratione,

291 1923 381 1998 Quod
405 1922 528 1985 nullum
550 1920 656 1985 cibum
679 1922 806 2005 penitus
829 1922 897 2006 ipse
919 1925 1133 2002 manducaret,

289 2026 402 2113 Neque
424 2026 489 2090 vite
511 2025 742 2090 nutrimentum
765 2026 894 2110 aliquod
916 2032 1071 2112 gustaret,

290 2133 398 2197 Donec
420 2132 540 2197 videret
562 2131 725 2195 dominum
747 2133 786 2196 de
808 2136 909 2196 morte
931 2134 1111 2213 surrexisse,

292 2237 392 2312 Quem
414 2258 471 2320 per
492 2241 627 2301 mortem
650 2259 740 2301 suam
763 2237 855 2301 scivit
877 2240 1029 2303 mundum
1052 2238 1229 2303 redemisse.

213 2363 264 2399 6666
292 2341 352 2407 Sed
374 2341 427 2406 hic
449 2341 482 2404 in
506 2341 649 2406 oratione
671 2362 743 2404 cum
765 2346 979 2424 perseveraret

291 2446 399 2531 Atque
418 2446 681 2511 resurrectionem
704 2446 891 2529 promissam
914 2450 1117 2530 exspectaret,

294 2552 378 2618 Huic
401 2552 546 2617 dominus
569 2551 717 2635 apparuit
739 2555 771 2616 et
793 2552 878 2617 hunc
900 2551 1132 2634 consolabatur,

292 2658 467 2723 Ostendens
491 2680 548 2721 sua
570 2657 702 2721 vulnera
724 2679 757 2720 se
780 2657 888 2722 vivum
911 2657 1098 2723 testabatur.

161 2975 265 3061 Quod
295 2976 466 3050 dominns
494 2976 670 3069 apparuit
698 2975 885 3070 discipulis
913 2975 1069 3047 absente
1096 2944 1251 3048 Thoma.

291 3184 329 3250 In
354 3185 446 3250 domo
469 3206 540 3248 cum
563 3183 710 3267 discipuli
732 3183 827 3247 simul
849 3187 953 3248 essent
975 3184 1073 3249 clausi

214 3310 266 3348 6666
292 3292 337 3357 Et
359 3293 443 3356 exire
466 3295 596 3375 propter
620 3295 738 3354 metum
761 3312 960 3374 nequaquam
983 3294 1087 3354 essent
1109 3290 1187 3368 ausi,

290 3397 390 3461 Venit
412 3395 505 3461 Jesus
527 3396 567 3460 ad
591 3417 644 3460 eos
666 3397 700 3459 in
723 3397 815 3461 vultu
837 3397 1008 3474 claritatis3

293 3500 379 3565 »Pax
402 3499 492 3565 vobis
505 3503 532 3564 l<
558 3500 614 3578 ait,
640 3521 718 3585 »ego
741 3504 829 3565 sum!
852 3500 935 3564 nihil
956 3501 1131 3566 timeatis!‹

293 3604 483 3690 inceperunt
505 3605 685 3697 omnes-illi
707 3599 820 3670 territi
834 3607 956 3686 timere,

292 3711 498 3776 Estimabant
519 3712 656 3795 aliquem
679 3732 712 3775 se
735 3711 883 3795 spiritum
904 3711 1020 3777 videre.

213 3835 265 3872 6666
293 3813 385 3879 Jesus
408 3816 471 3880 ait:
496 3815 618 3880 »Carne
640 3820 725 3880 caret
748 3817 879 3899 spiritus
902 3822 934 3882 et
956 3839 1034 3895 osse,

292 3919 339 3985 Ut
362 3920 478 3985 habere
501 3944 550 3985 me
573 3920 696 3999 uidetis',
720 3921 764 3984 sic
787 3944 837 3985 me
859 3920 992 4004 potestis
1016 3943 1116 3985 nosse.

292 4024 407 4090 Videte
429 4049 541 4090 manus
565 4030 659 4110 atque
682 4026 775 4110 pedes
798 4049 884 4090 meos
907 4031 1003 4111 atque
1026 4027 1128 4090 latus!

292 4130 363 4216 Ego
387 4132 468 4196 idem
491 4133 557 4215 ipse
581 4155 651 4196 sum
674 4153 694 4195 a
715 4136 818 4197 morte
840 4133 1020 4197 suscitatus.
1218 4210 1221 4215 ἱ

159 4315 162 4321 ‚
293 4239 344 4303 Ad
367 4241 618 4304 manducandum
642 4263 683 4303 an
705 4238 830 4304 habetis
854 4241 974 4326 aliquid
997 4239 1049 4304 hic
1072 4238 1178 4302 cibis«

215 4361 267 4399 6666
295 4343 371 4407 Mox
393 4343 502 4410 favum
525 4346 627 4410 mellis
651 4351 746 4431 atque
770 4347 887 4430 piscem
910 4345 1095 4409 obtulerunt
1116 4343 1188 4409 sibi.

293 4446 406 4512 (loram
428 4449 505 4532 ipsis
529 4450 694 4514 comedens
716 4449 866 4533 reliquias
889 4449 1031 4534 porrexit

1016 4552 1047 4606 14
1060 4551 1075 4586 *
