3000 5125
702 385 765 453 137

311 562 373 630 Sed
395 565 436 630 ad
457 567 584 648 portam
606 561 745 627 civitatis
769 559 864 627 simul
887 581 959 625 cum
981 564 1146 640 venerunt,

312 663 488 755 Exportavi
510 669 656 734 iuvenem
678 667 863 733 defunctum
885 670 1084 750 aspexerunt.

310 775 428 841 Filium
450 776 535 841 hunc
556 774 683 839 unicum
709 773 850 860 genitrix
872 772 1020 851 habebat,

229 900 285 938 ³⁹2⁶
310 883 355 949 nt
376 882 435 948 hec
456 884 526 947 erat
548 880 644 945 vidua
666 901 727 964 que
749 878 884 943 nimium
906 878 1089 964 plangebat.

310 986 460 1053 Misertus
483 986 558 1051 huie
580 986 619 1050 ad
642 985 827 1051 defunctum
850 983 944 1049 Jesus
967 983 1115 1048 accedens
1138 983 1237 1050 dixit:

313 1090 406 1156 »Tibi
428 1091 498 1156 dico
521 1112 616 1177 surge
639 1089 763 1170 vivus«,
785 1093 818 1155 et
839 1088 986 1174 protinus
1008 1089 1124 1154 revixit

310 1197 457 1262 Mortuus
480 1196 534 1282 qui
558 1195 665 1262 fuerat
686 1198 718 1261 et
741 1218 814 1261 eum
836 1194 1013 1281 assignavit

310 1301 429 1367 Vivum
452 1299 565 1376 matri3
587 1290 650 1385 per
665 1299 726 1365 hoc
747 1298 843 1364 nimis
865 1298 948 1364 hanc
968 1298 1142 1365 letificavit.

229 1426 284 1464 esso
311 1404 382 1470 Hoc
404 1405 545 1470 videntes
568 1404 708 1470 universi
731 1404 825 1470 deum
847 1403 1082 1485 collaudabant,

310 1510 420 1576 Jesum
443 1511 493 1576 dei
516 1510 617 1575 lilium
640 1510 709 1576 fore
731 1510 983 1591 conclamabant,

310 1617 451 1702 Eiusque
473 1617 637 1703 magnalia
657 1616 823 1682 laudantes
847 1615 1040 1683 exaltabant.

311 1720 349 1787 In
373 1721 497 1788 laudem
519 1722 607 1788 etin
630 1722 767 1807 gloriam
789 1722 874 1787 huno
896 1722 1156 1808 magnificabant,

312 1825 356 1891 Et
377 1828 412 1892 in
435 1849 560 1893 omnem
582 1828 746 1914 regionem
769 1828 855 1892 fama
878 1827 1072 1914 divulgatur,

232 1950 286 1988 ³⁹³5
311 1929 416 2019 Ipsius
435 1937 468 1998 et
489 1934 530 1998 ab
552 1933 639 1999 omni
659 1938 755 2020 gente
770 1932 864 1999 Jesus
886 1933 1092 2001 collaudatur.

483 2303 538 2377 Do
564 2303 642 2378 filia
667 2306 846 2400 principis
873 2305 971 2379 lairi.

308 2565 458 2650 Princeps
480 2564 609 2649 qnidam
632 2565 734 2632 lairns
756 2566 884 2631 nomine
905 2569 1035 2632 vocatus

309 2668 360 2735 Ad
382 2669 493 2736 Jesum
515 2672 602 2736 venit
624 2675 657 2737 et
679 2694 751 2737 eum
772 2670 838 2735 fuit
860 2672 1053 2756 deprecatus,

309 2773 355 2840 Ut
377 2775 476 2860 ipsius
498 2776 686 2862 dignaretur
707 2776 884 2861 hospitium
905 2777 1027 2841 intrare

309 2880 417 2965 Atque
439 2902 530 2945 suam
552 2881 653 2945 filiam
676 2904 695 2946 a
716 2886 819 2947 morte
842 2882 1003 2947 suscitare.

230 3003 282 3043 ³⁹4⁰
309 2984 402 3051 Jesus
425 2986 490 3050 suis
513 2987 658 3071 precibus
681 2987 782 3052 flexus
806 3008 912 3055 secum
932 2988 1002 3067 ivit,

308 3091 352 3155 Et
376 3113 447 3155 eum
470 3091 599 3156 domum
620 3092 773 3176 principis
796 3092 933 3158 eiusdem
957 3092 1114 3172 introivit,

308 3194 452 3261 Puellam
474 3218 533 3280 pro
556 3218 620 3280 qua
642 3201 796 3262 venerant
818 3197 1002 3263 defunctam
1024 3198 1223 3277 invenerunt,

307 3300 350 3365 Et
372 3300 560 3387 plangentes
583 3300 666 3366 circa
688 3324 801 3386 corpus
824 3303 978 3387 plurimos
1001 3303 1157 3367 viderunt.

308 3404 402 3472 Jesus
426 3407 532 3472 eiectis
556 3408 703 3472 omnibus
726 3407 872 3473 defuncte
895 3409 1030 3493 sumpsit
1052 3412 1185 3492 patrem,

228 3531 281 3568 ³⁹⁴⁶
309 3509 499 3593 dohannem,
523 3512 663 3592 Petrum,
687 3513 853 3595 Jacobnm,
876 3515 1073 3600 virginisque
1096 3517 1241 3590 matrem,

308 3616 353 3680 Et
375 3639 447 3681 cum
469 3617 520 3681 his
544 3618 583 3681 ad
606 3617 740 3704 virginis
764 3641 878 3704 corpus
901 3621 1067 3685 accedebat

306 3718 413 3805 Atque
435 3743 542 3786 coram
563 3722 711 3787 omnibns
733 3727 869 3809 tangens
891 3724 974 3789 hanc
997 3723 1137 3789 dicebat:

310 3823 487 3910 »Tabytha
510 3825 571 3890 tibi
595 3825 664 3891 dico
686 3848 792 3911 surge,
816 3828 977 3907 revivisce,

308 3929 347 3996 In
368 3934 463 4016 teque
485 3930 647 4016 magnalia
669 3931 719 3997 dei
740 3932 827 3997 facta
849 3932 971 3998 discet«

229 4055 282 4094 ³⁰⁶⁰
309 4035 361 4101 Ad
382 4036 443 4102 hoo
465 4036 597 4103 verbum
620 4038 688 4103 sine
711 4061 801 4104 mora
823 4038 916 4124 virgo
938 4039 1110 4104 resurrexit

309 4141 466 4222 (laudens,
489 4144 573 4228 quod
597 4165 630 4209 se
651 4144 838 4209 suscitatam
859 4167 916 4229 per
937 4144 1049 4209 Jesum
1070 4142 1240 4220 intellexit,

310 4249 475 4314 Annorum
497 4252 574 4313 tunc
595 4250 758 4315 duodecim
781 4249 844 4314 fuit
865 4250 924 4316 hec
946 4251 1052 4335 puella

307 4351 441 4434 Quando
463 4354 526 4425 fuit
548 4355 701 4424 suscitata
723 4356 836 4434 mortis
852 4379 878 4420 a
899 4355 1046 4440 procella,
