3000 5125
620 397 625 404 .
693 341 800 406 229·

305 512 353 578 Ac
375 515 475 599 ipsius
499 516 638 579 animam
660 515 699 580 ad
722 539 836 600 corpus
861 538 1016 582 revocare.

303 619 407 684 Maria
430 620 504 705 quia
526 644 737 705 sempervesse
761 623 954 706 compatiens
977 623 1108 703 solebat,

302 724 458 811 Benigna,
480 726 577 806 mitis,
600 727 754 792 miserans
776 728 853 812 ipsis
877 726 1073 808 condolebat,

304 831 353 896 Ad
376 832 521 896 defuncte
544 831 659 897 lemine
681 833 902 917 corpusculum
925 832 1075 917 porrexit,

220 926 515 1024 convocansque
537 935 647 1004 desum
670 937 736 1005 eius
759 938 865 1005 vivam
887 937 970 1004 hanc
992 937 1101 1003 erexit.

260 1247 365 1343 Quod
393 1256 512 1329 Maria
540 1256 704 1331 diversas
732 1256 972 1330 infirmitates
1000 1259 1158 1332 curavit.

296 1466 334 1531 ln
357 1465 487 1530 diversis
510 1463 652 1530 febribus
675 1465 730 1552 qui
752 1464 880 1530 fuerant
901 1467 1037 1551 gravati,

296 1570 357 1636 Per
378 1570 514 1635 Mariam
536 1570 676 1634 restituti
698 1574 773 1634 sunt
793 1592 900 1635 omnes
924 1572 1065 1641 sanitati.

237 1739 239 1742 ,
296 1675 466 1768 Oculorum
489 1675 609 1740 lumine
632 1675 687 1759 qui
709 1674 839 1740 fuerant
860 1676 987 1759 privati,

295 1780 355 1847 Per
377 1781 512 1846 Mariam
534 1779 612 1846 Jesu
634 1784 768 1845 matrem
791 1784 866 1845 sunt
887 1781 1068 1848 illuminati.

216 1906 268 1944 seco
295 1886 340 1951 Et
356 1886 416 1974 ⁸qui
439 1885 525 1950 surdi
547 1884 676 1949 fuerant
698 1885 828 1950 auribus
851 1886 982 1967 obtusis,

292 1993 354 2058 Per
375 1991 511 2056 Mariam
533 1995 608 2056 sunt
630 1990 732 2055 curati
754 1991 883 2055 vocibus
907 1990 1036 2071 refusis3

292 2098 336 2162 Et
358 2097 413 2183 qui
435 2098 546 2182 lingua
568 2100 738 2161 carnerunt
760 2095 949 2181 fuerantque
971 2100 1063 2179 muti,

292 2203 446 2269 Claustris
468 2203 578 2287 lingue
600 2203 746 2267 reseratis
769 2225 826 2286 per
848 2203 950 2287 ipsam
974 2206 1048 2266 sunt
1071 2200 1178 2266 locuti.

292 2309 450 2375 Caducum
473 2308 619 2372 morbum
641 2308 797 2392 patientes
821 2312 853 2372 et
875 2306 1068 2404 epilepsiam,

213 2435 264 2473 ⁶80⁶
291 2414 489 2500 Receperunt
511 2415 680 2479 sanitatem
702 2437 759 2498 per
781 2414 938 2499 virginem
961 2412 1107 2478 Mariam.

291 2520 341 2586 Ad
362 2520 526 2606 ipsamque
547 2520 691 2586 frenetici
714 2524 869 2585 venemnt
891 2524 923 2584 et
945 2516 1060 2596 insani,

24 2676 33 2689 .
141 2630 143 2635 ’
233 2625 348 2702 ‚Qui
370 2627 540 2711 resumptis
562 2628 705 2691 sensibus
728 2630 804 2691 sunt
826 2626 942 2690 reversi
965 2624 1044 2689 sani.
1165 2643 1169 2650 ·

287 2730 331 2795 Et
353 2753 409 2815 per
431 2753 499 2794 eam
522 2731 653 2815 plurimi
674 2731 792 2816 leprosi
815 2734 889 2796 sunt
911 2728 1023 2808 curati,

285 2836 346 2914 Qui
368 2835 471 2901 solnm
493 2837 532 2900 ad
554 2837 707 2902 intuitum
729 2838 796 2902 eius
819 2841 894 2901 sunt
916 2833 1081 2912 mundati3

207 2962 259 3001 ruo
286 2941 426 3019 Quorum
449 2964 487 3005 ex
509 2942 673 3027 hydropisi
694 2965 807 3027 corpus
830 2945 926 3026 atque
947 2940 1027 3005 cutis

285 3046 441 3114 Tumebat
463 3048 622 3132 perhanc
645 3051 830 3133 receperunt
853 3047 1025 3112 remedium
1047 3043 1169 3108 salutis.

284 3151 424 3229 Quorum
446 3174 485 3217 ex
507 3153 646 3238 paralysi
668 3154 795 3218 fuerant
816 3154 979 3217 contracta

282 3255 434 3335 Membra,
458 3256 508 3321 vel
531 3262 689 3337 aruerant,
711 3279 786 3321 mox
808 3260 883 3322 sunt
906 3278 984 3320 sana
1005 3253 1099 3319 facta.

285 3359 342 3424 Per
364 3359 499 3427 Mariam
522 3352 679 3447 virginem
702 3362 805 3426 claudi
828 3365 903 3426 sunt
918 3353 1031 3439 erecti,

204 3482 255 3521 ⁰³1⁶
283 3463 427 3545 Artetici,
450 3467 614 3551 podagrici
637 3469 706 3532 sani
729 3471 804 3533 sunt
826 3467 939 3532 effecti.

281 3568 342 3646 Qui
364 3572 490 3636 defluxu
512 3573 677 3658 sanguinis
701 3574 755 3637 diu
778 3573 986 3648 vexabantur,

279 3673 449 3742 Venientes
471 3677 510 3741 ad
532 3677 667 3743 Mariam
691 3702 747 3764 per
769 3700 839 3744 eam
862 3675 1064 3742 curabantur.

279 3779 442 3876 Quotquot
463 3804 539 3847 vero
561 3788 775 3849 convenerunt
796 3806 852 3869 per
874 3784 976 3866 ipsam
1000 3780 1074 3841 sunt
1097 3774 1199 3839 curati

279 3882 385 3965 Curri,
408 3887 521 3968 claudi,
545 3889 672 3969 debiles,
697 3893 792 3973 atque
814 3889 878 3953 ceci
900 3881 1011 3950 nati·

200 4008 252 4045 ⁶⁸2⁰
277 3989 415 4075 Leprosi,
438 3993 615 4078 paralytici,
639 3995 802 4072 contracti,
826 3992 923 4071 surdi,
946 3988 1038 4066 muti,

278 4094 447 4161 Tumentes
470 4120 508 4161 ex
530 4097 694 4190 hydropisi
716 4102 792 4162 sunt
815 4097 929 4163 redditi
951 4092 1056 4159 saluti.

275 4200 326 4263 Ex
347 4201 495 4286 omnique
517 4203 679 4286 provincia
701 4204 796 4268 multi
819 4206 979 4269 venientes

274 4303 420 4370 Infirmos
443 4328 516 4371 suos
539 4306 578 4370 ad
601 4307 737 4372 Mariam
759 4309 917 4391 duxemnt
939 4311 971 4373 et
994 4301 1191 4386 languentes,

276 4410 337 4493 Qui
359 4435 415 4500 per
437 4411 503 4477 eius
525 4414 663 4505 gratiam
687 4415 792 4484 cuncti
815 4414 1008 4487 curabantur
