3000 5125
683 357 745 424 101

300 527 434 609 »Homo
457 530 518 594 tibi
540 531 620 611 dico,
643 553 748 618 surge,
771 555 897 599 rursum
920 535 1078 614 revivisce,

297 632 473 713 Justitiam,
496 636 698 720 prudentiam
720 641 753 702 et
775 639 942 705 veritatem
964 639 1065 717 disce3

298 736 470 824 Nunquam
492 745 530 804 tu
551 741 699 806 malivole
722 743 891 809 contristes
914 744 1108 823 innocentes,
1181 759 1184 765 ⁴

219 861 272 899 ⁹⁸⁸⁶
298 843 365 910 Nec
387 845 485 928 impie
506 849 543 910 tu
565 846 682 911 iudicas
706 846 976 914 benefacientem«

295 948 470 1034 Postquam
492 955 598 1018 autem
619 950 712 1017 Jesus
734 975 813 1037 puer
834 953 890 1019 illa
912 954 1009 1019 verba
1032 954 1123 1034 dixit,

295 1054 371 1123 Mox
393 1061 554 1142 resumpto
577 1058 693 1142 spiritu
713 1062 875 1124 mortuum
897 1059 1021 1125 revixit.

295 1157 402 1245 Atque
423 1162 591 1229 manifeste
612 1185 703 1228 suam
725 1164 852 1248 culpam
875 1170 923 1231 est
945 1164 1116 1245 confessus,

295 1264 472 1355 Dicensque
494 1268 578 1355 quod
600 1270 720 1334 malum
742 1270 804 1335 hoc
826 1271 922 1357 digne
944 1271 987 1335 sit
1008 1292 1183 1356 perpessus.

322 1587 377 1661 De
404 1591 555 1661 mortuo
581 1611 691 1683 quem
720 1589 921 1663 suscitavit
947 1588 1099 1686 Joseph.

211 1815 269 1853 2⁸⁹⁰
294 1799 430 1877 Quidam
451 1800 547 1865 homo
571 1801 687 1866 nobilis
710 1824 746 1867 ac
767 1802 980 1886 locupletatus

293 1904 471 1971 Habitabat
494 1904 665 1984 Nazareth,
688 1905 809 1991 Joseph
832 1905 1020 1989 appellatus.

295 2008 358 2076 Hic
379 2009 481 2076 Maria
502 2032 618 2094 sponso
641 2009 761 2095 Joseph
783 2012 964 2096 impendere
986 2011 1109 2077 solebat

294 2115 401 2182 Multa
424 2115 586 2194 beneficia,
608 2115 781 2202 Jcsumque
803 2116 968 2203 diligebat.

293 2219 428 2301 Accidit,
451 2226 489 2287 ut
510 2222 595 2287 idem
616 2222 712 2289 homo
733 2222 837 2312 bonus
860 2226 1045 2301 moreretur,
1128 2219 1130 2224 ’

215 2343 269 2383 ³⁸⁹⁵
295 2327 340 2394 Et
361 2329 452 2393 dolor
472 2329 546 2393 inde
569 2329 726 2393 maximus
749 2327 871 2413 Joseph
893 2331 1083 2393 nasceretur.

293 2431 372 2500 Cum
395 2434 558 2499 alumnum
581 2456 675 2498 suum
697 2433 783 2498 videt
805 2432 898 2498 Jesus
921 2432 1157 2511 conturbatum,

293 2537 342 2605 Ac
364 2540 402 2605 de
423 2543 526 2605 morte
548 2539 622 2605 talis
645 2539 706 2604 viri
727 2538 823 2605 nimis
845 2538 1079 2617 contristatum,

291 2644 367 2711 Ait:
394 2644 440 2711 »0
462 2647 507 2711 mi
530 2668 601 2711 care
623 2649 724 2731 pater,
746 2667 803 2710 our
824 2649 952 2710 tantum
974 2642 1182 2722 contristaris,

292 2752 336 2817 Et
358 2774 455 2836 quare
476 2756 513 2817 tu
535 2751 697 2817 doloribus
720 2752 820 2816 tantis
842 2749 1048 2815 tribularis?‹

215 2876 267 2913 2⁹00
293 2855 415 2942 Joseph
437 2858 500 2922 ait:
532 2854 579 2922 »Ο
600 2857 646 2921 mi
668 2856 725 2936 fili,
749 2856 863 2921 merito
886 2854 1054 2920 dolendum

293 2962 353 3028 Est
375 2963 413 3027 de
436 2965 537 3027 morte
558 2961 633 3026 talis
656 2961 727 3040 viri,
750 2960 893 3045 mihique
916 2959 1123 3045 gemendum

291 3066 376 3133 Nam
400 3067 502 3132 multa
523 3065 675 3132 beneficia
698 3067 802 3150 sepius
825 3065 980 3150 impendit

295 3172 396 3238 Nobis
419 3177 515 3255 atque
537 3173 704 3237 caritatem
725 3171 898 3237 maximam
920 3171 1068 3249 ostendit,

293 3276 400 3362 Atque
422 3280 512 3341 tuam
535 3277 657 3342 dulcem
679 3280 815 3341 matrem
838 3277 975 3340 multum
999 3277 1177 3357 honoravit,

215 3400 275 3442 ποῦ.
294 3383 338 3447 Et
359 3386 400 3461 te,
423 3405 503 3466 puer
524 3381 730 3460 sanctissime,
754 3381 895 3465 plurium
917 3380 1066 3445 amavit«

295 3486 348 3553 »Si
371 3488 419 3553 vis
442 3508 551 3572 ergor,
574 3486 667 3552 Jesur
691 3487 746 3565 ait,
773 3508 810 3551 »a
831 3491 934 3551 morte
956 3485 1109 3550 suscitare

292 3590 401 3676 Ipsum
422 3597 455 3658 et
477 3592 516 3657 ad
538 3591 707 3676 pristinam
729 3591 829 3656 vitam
852 3593 1042 3657 revocaret<

293 3696 414 3781 Joseph
436 3699 499 3763 ait:
525 3696 571 3762 »0
593 3698 638 3762 mi
660 3698 718 3777 fili,
742 3698 814 3782 quis
838 3720 920 3762 nunc
942 3699 1050 3781 posset
1072 3716 1144 3763 eum

190 3794 192 3797 ⁵
294 3800 453 3867 Suscitare
473 3802 537 3867 iam
561 3800 744 3866 defunctum
767 3805 872 3885 preter
894 3802 997 3866 solum
1021 3803 1157 3869 deumlr

215 3925 268 3964 2⁰1⁰
294 3905 388 3971 Jesus
411 3909 474 3971 ait:
505 3903 596 3970 »Ad
619 3906 760 3972 defuncti
782 3907 1005 3990 corpusculum
1027 3908 1165 3989 accedas,

294 4010 339 4077 Et
360 4013 550 4076 auctoritate
570 4033 642 4076 mea
663 4033 840 4078 sermonem
861 4013 959 4076 istum
982 4013 1115 4079 adast«

297 4117 396 4183 »Dico
417 4117 478 4182 tibi
499 4121 624 4182 mortue
645 4118 808 4203 perhanc
831 4118 886 4202 qui
908 4121 940 4182 te
962 4118 1090 4197 creavit,

293 4221 401 4308 Atque
422 4222 483 4287 tibi
505 4223 652 4307 spiritum
675 4225 805 4289 vitalem
826 4223 1006 4307 inspiravit,

291 4326 339 4394 Ao
360 4329 534 4394 immortali
557 4328 664 4394 anima
686 4334 718 4395 te
743 4328 927 4407 vivificavit,

215 4452 266 4492 2⁹1⁶
292 4433 336 4501 Ilt
358 4433 498 4503 animam
520 4457 540 4503 a
561 4456 693 4526 corpore
715 4457 800 4505 nunc
822 4437 924 4526 ipsam
947 4433 1116 4517 separavit,
