3000 5125
649 401 714 479 259

266 587 304 654 In
326 588 389 655 fide
411 607 486 654 nam
509 586 656 671 discipuli
677 609 749 651 cum
772 605 880 652 omnes
902 586 1089 652 vacillarent

265 693 314 759 De
336 694 395 757 filii
419 693 469 757 dei
491 693 647 777 passione,
670 711 793 756 necnon
816 691 1008 771 dubitarent,

267 797 343 863 Sola
364 798 458 883 virgo
480 796 622 883 perstitit
644 796 678 859 in
700 796 763 861 fide
784 797 941 881 passionis

172 924 240 963 rm
267 903 344 971 Jesu
366 904 486 970 Christi
508 902 567 967 filii
589 903 639 966 sui
662 923 717 966 sen
739 902 987 967 resurrectionis.

265 1010 355 1095 Ergo
376 1029 461 1073 nunc
483 1007 682 1093 progredere,
706 1007 799 1092 virgo
822 1007 970 1093 gloriosa,

266 1114 318 1180 Ad
340 1118 433 1179 tnum
454 1133 552 1197 perge
574 1111 687 1190 filium,
710 1132 729 1175 o
751 1115 855 1176 mater
877 1134 1032 1192 amorosa,

266 1221 310 1286 Et
333 1220 375 1284 ab
397 1240 434 1283 eo
457 1217 561 1301 recipe
582 1216 674 1301 regni
696 1216 851 1295 diadema,

266 1325 351 1391 Nam
374 1324 446 1390 sede
468 1328 504 1387 tu
527 1322 681 1387 locaberis
703 1322 844 1387 celorum
865 1323 899 1387 in
923 1324 1109 1408 suprema!‹

342 1642 464 1717 Maria
491 1644 693 1740 suscipitur
719 1667 743 1716 a
770 1665 868 1717 nono
894 1644 1022 1727 choro,

191 1873 243 1911 πω
270 1851 446 1918 Procedens
469 1853 519 1918 dei
541 1854 682 1940 genitrix
704 1853 893 1919 ascendebat
914 1853 1041 1918 demum

267 1957 319 2024 Ad
340 1979 460 2024 nonum
482 1958 615 2024 chorum
637 1961 823 2045 angelorum
845 1959 879 2022 in
901 1958 1030 2042 coloque
1052 1977 1244 2044 supremum,

268 2063 330 2141 Qui
351 2068 482 2129 vocatur
508 2063 712 2148 »Seraphin«,
735 2068 768 2129 et
789 2064 896 2129 cuncti
918 2067 1134 2128 convenerunt

268 2168 359 2234 [llius
380 2162 470 2234 chori
492 2167 624 2253 spiritus
647 2172 743 2252 atque
765 2170 971 2251 susceperunt

268 2273 418 2339 Sanctam
440 2273 491 2338 dei
513 2272 709 2358 genitricem,
733 2272 890 2358 virginem
912 2272 1059 2353 Mariam,

190 2399 242 2436 ππ
268 2378 440 2445 Cantantes
463 2377 492 2442 ei
514 2377 652 2442 iubilum
673 2382 705 2442 et
727 2376 829 2442 laudis
852 2376 1061 2443 harmoniam.

270 2484 398 2550 Gabriel
420 2481 652 2568 Archangelus,
676 2484 732 2569 qui
754 2483 990 2569 conceptionem

253 2590 370 2654 'Mario
392 2589 600 2669 nuntiaverat
620 2591 653 2652 et
674 2588 924 2653 incarnationem

269 2692 347 2760 Jesu
368 2691 489 2759 Christi
511 2692 571 2756 filii
594 2692 654 2772 dei,
677 2692 808 2777 spiritus
830 2692 917 2757 illius

269 2798 366 2865 Chori
388 2798 462 2878 fuit,
484 2800 522 2862 nt
543 2801 681 2862 testatur
702 2795 904 2882 Augustinus
927 2798 1008 2882 pius.

192 2922 244 2962 mo
270 2904 407 2968 Mariam
429 2902 482 2968 hic
504 2904 677 2988 suscipiens
700 2903 772 2987 plus
796 2902 942 2967 omnibus
964 2903 1133 2989 gaudebat,

271 3007 361 3085 Quod
383 3008 465 3072 hanc
487 3008 520 3071 in
544 3010 637 3071 tanta
658 3007 762 3093 gloria
784 3008 923 3091 positam
947 3009 1084 3088 videbat,

270 3113 331 3179 Sed
352 3114 438 3178 illius
461 3114 550 3178 chori
572 3116 659 3178 totns
682 3114 870 3178 conveniens
893 3117 1066 3178 conventus

270 3218 468 3285 Decantabat
490 3223 523 3284 et
544 3219 652 3284 laudes
674 3240 746 3283 cum
769 3220 908 3284 carmine
930 3223 1118 3284 concentus:
1235 3229 1238 3233 ’

166 3398 168 3401 ¹
199 3310 201 3314 ¹
275 3323 378 3390 ›Avet
401 3324 496 3409 plena
519 3324 634 3409 gratia,
658 3323 754 3408 plena
776 3322 903 3404 deitate,

162 3506 166 3515 ι
193 3451 246 3487 raa
272 3429 371 3495 Plena
393 3434 502 3493 sancto
525 3429 650 3512 spiritu,
673 3428 769 3512 plena
790 3427 939 3493 caritate!

271 3534 349 3613 Are,
372 3534 460 3598 cuius
483 3532 629 3598 dominus
651 3532 834 3597 habitatin
858 3536 973 3610 mente,

272 3638 402 3723 Semper
423 3660 481 3703 sua
503 3638 609 3724 gratia
630 3641 662 3701 te
684 3637 889 3702 custodiente.

272 3742 350 3824 Ave,
373 3764 434 3828 que
455 3765 512 3827 pre
534 3742 659 3807 feminis
681 3763 714 3806 es
737 3743 859 3807 cunctis
881 3740 1046 3807 benedicte

273 3848 305 3915 A
325 3847 489 3935 prophetis
511 3846 659 3912 omnibus
681 3849 714 3910 et
734 3847 863 3910 vatibus
884 3846 1034 3930 predicta.

194 3972 246 4010 ⁷⁷⁵⁰
272 3953 352 4035 Ave,
374 3955 463 4019 cuins
485 3953 605 4018 ventris
626 3952 749 4017 fructus
772 3956 821 4016 est
843 3973 966 4035 semper
987 3952 1180 4028 benedictus,

273 4057 334 4135 Qui
358 4062 406 4123 est
427 4058 605 4123 seculorum
626 4079 683 4121 rex
706 4057 905 4140 omnipotens
928 4058 1073 4123 invictus.

274 4163 324 4228 Tu
346 4186 403 4248 per
424 4168 513 4229 tuam
535 4165 701 4228 caritatem
722 4163 877 4227 mundum
899 4163 1070 4242 redemisti,

273 4268 359 4334 Nam
380 4274 511 4353 propter
533 4269 742 4344 dilectionem,
767 4291 862 4352 quam
883 4286 1035 4353 magnam
1056 4266 1199 4332 habuisti

273 4372 325 4439 Ad
347 4376 522 4440 humanum
543 4395 653 4460 genus,
676 4377 768 4437 tuum
791 4377 903 4437 natum
924 4371 1094 4450 tradidisti,

197 4497 249 4537 πω
276 4478 322 4546 Ut
343 4480 378 4545 in
399 4503 490 4546 cruce
510 4483 686 4546 moreretur
708 4483 740 4544 et
761 4479 866 4565 ipsum
889 4478 1030 4565 coegisti,

999 4580 1032 4639 17
1044 4580 1059 4611 *
