3000 5125
772 309 837 373 274

225 484 265 538 De
283 484 402 554 planctu
421 483 508 538 Marie
526 481 644 552 virginis
662 498 725 536 cum
747 480 819 535 vidit
837 481 927 535 filium
946 479 1087 550 expirasse
1108 481 1167 535 180.

224 571 304 637 0000
321 570 473 639 sanguinee
491 567 605 624 lacrime
623 567 765 622 fluxerunt
783 586 816 622 ex
835 568 921 623 oeulis
941 567 1030 620 Murie
1050 568 1107 620 185.

226 661 359 714 Planctus
378 658 466 713 Marie
484 657 654 727 Magdaleue
674 657 736 710 185.

226 748 359 803 Planctus
378 747 466 801 Maris
484 746 603 817 cleophe
622 748 652 800 et
673 744 760 799 Marie
780 743 896 799 Zebedei
916 744 974 797 187.

226 836 357 890 Planctus
375 834 487 889 Marthe
508 833 543 889 de
561 836 651 889 morte
670 830 775 887 Christi
796 832 853 889 189.

227 924 361 979 Planctus
380 923 517 978 Johannis
535 922 710 991 evangeliste
731 920 788 976 190.

226 1012 359 1066 Planctus
376 1011 453 1066 Petri
471 1009 592 1081 apostoli
609 1014 638 1064 et
657 1008 814 1077 penitentia
833 1007 892 1062 eius
913 1009 972 1061 191.

227 1100 267 1155 De
286 1100 374 1169 signis
392 1116 445 1169 que
463 1099 570 1153 fiebant
587 1096 617 1150 in
635 1096 764 1166 passione
782 1094 888 1150 domini
910 1095 969 1149 193.

228 1187 307 1252 0000
326 1186 430 1241 milites
448 1189 477 1240 et
495 1185 620 1240 centurio
639 1184 767 1238 videntes
786 1183 898 1252 signum
917 1181 1036 1238 confessi
1055 1184 1122 1235 suut
1140 1181 1236 1235 Jesum
1258 1182 1316 1235 196.

229 1277 269 1331 De
287 1274 378 1328 milite
395 1274 443 1344 qui
462 1271 616 1343 perforavit
638 1272 712 1325 latus
731 1270 836 1325 Christi
857 1271 915 1325 196.
1065 1341 1068 1344 ¹

227 1363 306 1429 Quod
324 1360 491 1416 Nicodemus
510 1362 538 1413 et
557 1360 692 1429 Josephus
710 1376 809 1435 corpus
827 1358 892 1413 Jesu
911 1357 1094 1412 involverunt
1117 1356 1241 1424 syndone
1263 1357 1323 1409 197.

228 1451 268 1508 00
286 1451 403 1521 planctu
422 1450 509 1503 Maris
526 1465 590 1502 eum
609 1448 683 1502 filius
701 1466 766 1501 suus
784 1447 971 1516 deponeretur
991 1445 1026 1499 de
1046 1461 1125 1499 cruce
1146 1447 1204 1499 197.

228 1539 306 1606 0000
323 1555 421 1608 corpus
439 1538 505 1592 Jesu
523 1537 694 1606 portabatur
712 1536 749 1590 00
769 1535 960 1605 sepeliendum
981 1535 1040 1589 108.

228 1629 306 1694 0000
324 1627 480 1696 sepulcrum
500 1625 565 1679 Jesu
585 1624 726 1678 munitum
746 1626 789 1678 est
808 1623 969 1679 custodibus
990 1623 1047 1677 199.

229 1717 307 1782 Quod
326 1715 466 1770 lohannes
484 1712 663 1782 evangelista
681 1712 762 1765 00011
785 1712 905 1767 Mariam
924 1711 961 1765 ad
979 1707 1134 1779 hospitium
1153 1725 1234 1761 suum
1254 1708 1315 1761 200.

229 1804 308 1871 0000
325 1802 407 1857 Judei
425 1803 587 1855 statuerunt
605 1800 731 1855 custodes
749 1800 787 1853 ad
805 1801 961 1868 sepulcrum
981 1796 1040 1851 200.

230 1891 308 1958 0000
328 1891 425 1944 anima
442 1890 507 1944 Jesu
524 1887 666 1943 descendit
684 1888 721 1942 ad
739 1883 881 1942 infernum
899 1888 959 1941 200.

232 1979 310 2044 0000
327 1979 423 2033 vivens
442 1977 532 2032 deitas
551 1978 666 2032 nonest
686 1978 819 2046 separata
838 1992 855 2029 a
873 1991 987 2045 corpore
1005 1973 1035 2026 in
1053 1972 1180 2041 sepulcro
1199 1971 1261 2024 200.

233 2070 271 2121 00
290 2067 394 2138 gaudio
413 2068 573 2121 sauctorum
590 2083 676 2134 quum
694 2064 773 2119 Jesus
792 2064 871 2119 veuit
890 2062 927 2117 ad
946 2062 1087 2116 infernum
1105 2060 1166 2113 201.

722 2256 769 2324 IV
790 2258 885 2323 buch.

235 2420 357 2490 Explicit
375 2418 447 2474 liber
465 2418 573 2473 tertius.
611 2413 713 2483 Incipit
731 2414 864 2483 prologus
882 2412 913 2466 10
931 2411 1035 2465 librum
1053 2412 1186 2480 quartum
1205 2411 1265 2463 205.

231 2509 334 2580 Incipit
352 2509 422 2564 liber
440 2509 558 2578 quartus
576 2507 636 2559 206.

233 2598 311 2663 0000
329 2598 457 2652 mulieres
476 2596 612 2650 venerunt
631 2593 666 2646 ad
686 2592 843 2662 sepulcrum
862 2592 921 2646 206.
987 2604 993 2617 “

231 2685 308 2751 0000
328 2684 409 2739 Judei
427 2683 563 2738 dederunt
581 2682 728 2750 pecuniam
746 2679 907 2735 custodibus
925 2680 985 2733 207.

232 2772 310 2836 0000
328 2773 407 2826 Jesus
425 2772 515 2841 primo
533 2769 667 2839 apparuit
685 2768 772 2821 matri
790 2784 839 2821 sue
857 2766 945 2821 Marie
962 2764 1067 2836 virgini
1085 2766 1145 2818 207.
1251 2794 1254 2799 »

232 2858 309 2922 0000
328 2858 407 2913 Jesus
427 2858 558 2927 apparuit
576 2857 678 2925 Joseph
697 2855 854 2909 incarcere
873 2856 932 2910 208.

231 2944 309 3011 Quod
327 2946 457 3000 mulieres
474 2946 677 2999 nuntiaverunt
697 2943 830 3012 apostolis
849 2942 992 2998 dominum
1009 2945 1191 2999 resurrexisse
1209 2945 1269 2998 208.

232 3033 310 3099 0000
328 3033 426 3087 Petrus
445 3035 473 3088 01
491 3017 632 3088 lohannes
651 3034 788 3086 venerunt
807 3030 843 3085 ad
862 3032 1074 3086 mouumentum
1094 3033 1153 3086 208.

232 3121 309 3186 0000
327 3121 455 3177 dominus
473 3119 606 3190 apparuit
624 3118 712 3173 Mario
729 3118 899 3187 Magdalene
916 3118 947 3172 in
965 3119 1047 3174 horto
1067 3120 1126 3174 208.

232 3209 310 3274 0000
322 3207 450 3264 dominus
462 3208 563 3261 iterum
577 3206 709 3275 apparuit
720 3205 808 3259 Maria
821 3205 988 3274 Magdaleue
1001 3223 1063 3260 cum
1076 3208 1175 3262 ceteris
1188 3206 1300 3260 feminis
1317 3210 1381 3263 209.

233 3296 311 3361 0000
330 3295 458 3352 dominus
477 3294 611 3364 apparuit
630 3295 713 3349 Petro
731 3296 791 3347 210.

234 3384 312 3448 0000
331 3384 459 3439 dominus
478 3382 611 3452 apparuit
628 3381 735 3436 duobus
754 3381 885 3436 euntibus
903 3381 934 3435 in
953 3382 1084 3436 Emmaus
1102 3383 1161 3436 210.

233 3472 313 3537 Quod
331 3472 458 3528 dominus
477 3470 610 3540 apparuit
627 3470 732 3526 Jacobo
751 3470 878 3538 apostolo
896 3472 957 3523 211.

233 3561 311 3626 0000
329 3560 456 3615 dominus
475 3558 608 3628 apparuit
626 3558 769 3627 discipulis
787 3559 903 3612 absente
921 3558 1029 3613 Thema
1046 3559 1105 3612 211.

235 3649 313 3714 0000
331 3647 459 3704 dominus
480 3646 614 3717 apparuit
631 3645 778 3716 discipulis
796 3647 832 3700 ad
853 3663 930 3700 mare
948 3645 1104 3700 Tiberiadis
1123 3646 1182 3699 212.

233 3736 312 3801 0000
331 3734 459 3790 dominus
478 3734 612 3803 apparuit
631 3733 775 3803 discipulis
795 3735 824 3789 in
843 3734 1069 3801 mouteThabor
1087 3736 1147 3789 213.

233 3823 312 3889 0000
330 3822 457 3878 dominus
475 3822 504 3875 in
523 3822 568 3876 010
587 3824 753 3877 ascensionis
773 3824 907 3892 apparuit
926 3821 1069 3892 discipulis
1088 3822 1119 3875 in
1138 3823 1269 3878 cenaculo
1288 3824 1348 3875 214.

233 3911 310 3977 0000
329 3910 456 3966 domiuus
475 3908 570 3963 eduxit
589 3910 738 3980 discipulos
756 3911 785 3964 in
805 3910 974 3965 Bethaniam
992 3910 1053 3963 215.

233 4000 312 4065 0000
330 3998 458 4055 dominus
476 3998 578 4053 iterum
598 4000 732 4068 apparuit
749 4007 779 4054 01
797 3999 994 4055 consolabatur
1012 4001 1133 4053 matrem
1151 4016 1230 4052 suam
1248 4000 1307 4053 215.

234 4086 458 4161 0000000110οε
477 4086 603 4140 ascendit
622 4086 652 4139 in
669 4086 762 4140 celum
781 4088 840 4141 216.

233 4176 312 4241 0000
330 4175 459 4245 discipuli
477 4174 581 4229 reversi
599 4177 664 4228 sunt
682 4174 713 4228 in
730 4174 885 4229 Jerusalem
904 4175 963 4228 217.

181 4256 184 4262 ’
234 4264 313 4330 0000
330 4265 408 4318 lesus
427 4258 457 4317 in
476 4263 633 4319 ascensione
651 4280 703 4317 000
719 4262 854 4318 transivit
873 4262 1040 4317 Paradisum
1058 4263 1222 4317 terrestrem
1240 4261 1303 4314 217,

235 4352 313 4417 0000
330 4353 410 4407 Jesus
428 4350 574 4421 suscipiter
594 4350 630 4405 ab
649 4350 759 4420 angelis
777 4352 839 4405 217.
