3000 5125
652 379 716 443 257

270 553 337 617 Deo
360 557 392 617 et
413 552 594 617 hominibus
617 553 792 638 dilectaque
814 553 913 629 fuisti,

269 656 349 721 Cum
371 657 404 721 in
427 679 520 722 carne
542 679 635 742 super
658 662 776 722 terram
799 658 933 725 feliciter
958 663 1073 729 vixisti.

191 783 244 820 ⁷⁶⁶⁰
270 763 413 850 Erasque
434 761 612 830 misericors
634 762 717 827 cirea
739 763 921 845 tribulatos,

269 869 313 934 Et
334 868 469 932 nimium
490 868 685 952 compatiens
707 889 785 954 erga
806 871 1021 936 conturbatos.

269 971 423 1037 Omnibus
446 972 629 1037 hominibus
651 976 684 1037 te
707 972 879 1040 exhibuisti

269 1077 330 1144 Per
351 1078 599 1144 misericordiam
620 1079 703 1143 sicut
723 1079 866 1163 potuisti.

268 1184 415 1248 Effusum
437 1183 478 1247 ob
500 1182 561 1248 hoc
583 1182 689 1248 oleum
711 1206 743 1248 es
766 1184 893 1249 nomine
917 1189 1030 1250 vocata

189 1275 241 1345 τέω
268 1289 313 1354 Et
335 1286 492 1354 distillans
514 1286 606 1353 favus
628 1286 732 1362 mellis
755 1293 860 1353 exstas
882 1293 1082 1375 nuncupata;

267 1391 374 1478 Atque
395 1397 431 1457 tu
454 1393 615 1458 vocaberis
637 1393 730 1458 stella
750 1394 919 1473 matutina,

269 1499 444 1564 Hominum
466 1501 498 1563 et
520 1498 706 1583 angelorum
729 1500 762 1562 et
783 1499 880 1563 seculi
902 1501 1023 1585 regina.

268 1602 370 1690 Perge
391 1625 477 1668 nunc
498 1604 538 1668 ad
560 1603 662 1667 filium
685 1593 783 1668 tuum'
800 1604 840 1667 ad
862 1606 1060 1689 regnandum
1175 1595 1179 1598 ’

268 1708 348 1774 Cum
370 1730 407 1773 eo
429 1730 551 1792 semper
574 1711 606 1773 et
627 1708 661 1771 in
684 1708 751 1773 cius
774 1707 879 1793 gloria
900 1710 1072 1777 letandnm.

189 1834 242 1871 ⁷⁶⁷⁰
268 1812 354 1879 Nam
375 1836 434 1899 pro
455 1813 521 1878 tuis
540 1813 662 1877 meritis
685 1835 704 1876 a
726 1817 817 1896 patre
839 1815 983 1881 coronari

267 1919 370 1986 Debes
393 1923 425 1984 et
447 1941 467 1982 a
488 1917 555 1982 filio
577 1921 634 1982 tuo
656 1917 823 1995 consolari,

267 2024 311 2088 Et
334 2047 353 2088 a
374 2027 484 2088 sancto
506 2022 621 2105 spiritu
644 2021 781 2106 benigne
804 2025 937 2088 recreari

266 2129 374 2215 Atque
395 2134 498 2195 totam
520 2128 699 2193 trinitatem
720 2128 854 2193 iocunde
875 2131 1114 2214 contemplari«

312 2448 433 2522 Maria
461 2447 662 2542 suscipitur
689 2470 713 2520 a
739 2447 900 2542 septimo
928 2448 1053 2522 choro.

266 2659 343 2724 Post
364 2660 425 2723 hoc
446 2656 563 2722 transit
585 2656 635 2720 dei
656 2660 758 2720 mater
780 2656 820 2720 ad
844 2657 1135 2738 »Dominationes‹,

175 2784 243 2840 ποτε,
266 2764 378 2849 ltaque
400 2762 503 2827 vocati
526 2765 602 2825 sunt
625 2761 886 2845 congregationes

266 2869 464 2954 Angelorum
486 2865 613 2950 septimi
635 2865 732 2944 chori,
757 2888 836 2949 quos
860 2866 999 2932 habebat

266 2974 369 3039 Maria
390 2975 519 3036 cunctos
541 2970 660 3049 obvios,
683 2992 756 3034 cum
778 2971 860 3035 celos
883 2974 1079 3039 ascendebat.

266 3078 311 3143 Hi
332 3092 440 3142 omnes
463 3076 637 3140 adorabant
658 3074 741 3139 hanc
763 3078 835 3140 cum
857 3076 957 3142 iubilo
979 3079 1159 3162 psallentes,

134 3199 136 3204 ’
265 3185 310 3248 Et
332 3206 401 3248 eam
423 3181 636 3266 suscipiebant
658 3202 730 3244 cum
752 3182 869 3265 gaudio
892 3166 1046 3247 dicentes:

188 3308 240 3345 raso
270 3286 390 3373 »Virgo
412 3287 666 3372 prudentissima,
690 3309 753 3370 quo
776 3289 925 3375 progredi
948 3288 1099 3373 disponis,

265 3393 332 3470 Qus
354 3394 454 3458 tantis
477 3395 511 3457 in
534 3391 707 3457 virtutibus
729 3415 875 3459 coruscas
898 3398 994 3478 atque
1016 3395 1132 3460 donis?

266 3500 315 3564 Tu
337 3522 370 3564 es
393 3482 469 3563 luna
490 3498 604 3563 clarior
626 3502 659 3563 et
679 3499 835 3563 universis
858 3497 969 3577 stellis,

265 3606 310 3671 Et
332 3604 430 3669 solem
453 3607 510 3667 tuo
532 3602 651 3667 lumine
673 3603 798 3689 fulgida
820 3603 973 3689 precellis.

266 3710 315 3774 Tu
337 3708 467 3793 spiritus
491 3706 649 3791 angelicos
672 3708 793 3773 meritis
815 3707 955 3792 precedis
1049 3694 1056 3702 ⁶

176 3834 238 3871 aaa
264 3812 372 3898 Atque
394 3814 518 3877 sanctos
541 3812 705 3877 universos
728 3813 902 3877 virtutibus
925 3813 1058 3878 excedis.

266 3920 314 3984 Tu
337 3924 394 3984 tua
415 3919 571 4001 sapientia
593 3916 767 3982 leviathan
791 3916 959 4001 prostrasti
1051 3989 1053 3993 .

165 4023 171 4042 ¹
266 4024 310 4089 Et
332 4024 496 4089 universos
518 4023 665 4088 demones
688 4022 810 4087 baratri
832 4022 970 4101 calcasti,
1090 4020 1092 4023 ’

265 4131 309 4194 Et
331 4130 484 4194 mundum
506 4150 578 4193 cum
600 4127 770 4212 prudentia
792 4132 849 4192 tua
871 4127 1015 4193 liberasti

265 4233 312 4299 Ac
335 4239 391 4299 tua
413 4235 569 4319 sapientia
591 4232 673 4299 celos
695 4235 892 4298 restaurasti.

187 4358 239 4395 ⁷³⁹⁰
266 4340 369 4405 Deum
392 4345 537 4405 nostrum
558 4343 731 4433 creatorem
755 4340 792 4404 de
815 4339 889 4404 celis
912 4343 949 4402 tu
973 4335 1101 4401 traxisti

265 4444 310 4509 Et
330 4445 365 4509 in
387 4449 444 4510 tuo
466 4445 617 4531 virginali
639 4450 748 4510 ventre
770 4442 969 4533 concludisti,

154 4563 207 4607 va·
220 4564 296 4608 usa·
1016 4545 1048 4603 17
