3000 5125
400 577 574 663 Virginum
596 578 738 657 societas,
763 600 831 643 earn
854 599 916 663 que
938 581 1042 642 secute
1067 631 1069 634 .

399 684 543 749 Fuerimt
564 684 603 748 de
622 683 803 749 Jerusalem
825 684 858 747 in
883 683 932 748 dei
954 682 1125 761 servitute3

399 788 444 853 Et
466 789 505 854 ad
528 788 651 853 fontem
672 811 771 873 prope
793 788 903 853 villam
925 788 1021 868 simul
1043 793 1267 868 convenerunt,

324 914 374 951 14⁴⁶
401 895 450 959 Ex
473 894 596 979 quode
619 894 749 959 castello
772 895 855 959 cives
876 894 1006 959 haurire
1027 900 1268 960 consueverunt.

401 999 442 1065 Se
462 1000 621 1066 modicum
644 999 685 1064 ab
708 999 780 1064 aliis
803 998 906 1063 Maria
928 1000 1148 1084 sequestrarit,

402 1104 450 1169 Ac
472 1105 671 1170 orationibus
694 1105 788 1169 deum
809 1104 979 1169 invocavit.

403 1209 492 1274 Tunc
515 1210 647 1295 angelus
670 1209 819 1294 apparuit
841 1211 930 1275 cuius
953 1210 1099 1275 radiabat

401 1315 520 1381 Vultus
543 1316 630 1379 velut
652 1315 728 1379 solis
752 1315 910 1398 splendor,
935 1320 967 1380 et
989 1337 1096 1379 coram
1118 1339 1155 1380 ea
1176 1315 1292 1393 stabat,

326 1441 377 1476 1⁴⁶0
405 1419 537 1485 Dicens:
564 1417 610 1483 »Ο
633 1419 745 1499 Maria,
770 1420 874 1503 gaude
895 1420 972 1485 felix
995 1425 1027 1485 et
1043 1420 1152 1499 beata,

403 1522 464 1588 Pre
486 1524 607 1589 cunctis
629 1523 817 1590 mulieribus
839 1547 913 1588 nam
936 1525 998 1589 eris
1021 1525 1179 1590 exaltata!

404 1627 522 1707 Gaude,
546 1651 621 1693 nam
643 1651 699 1712 per
721 1629 900 1694 castitatem
922 1633 1012 1694 tuam
1034 1628 1179 1693 meruisti

404 1733 494 1811 Quod
517 1738 554 1798 tu
576 1734 643 1798 sola
665 1735 843 1799 seculorum
865 1734 933 1819 regi
956 1729 1120 1817 placuisti!

405 1837 522 1918 Gaude,
547 1840 623 1924 quia
646 1843 756 1904 votum
778 1844 867 1903 tuum
893 1841 968 1905 deus
992 1839 1176 1923 acceptavit,

328 1964 379 2000 14⁶⁶
407 1943 514 2028 Atque
536 1948 568 2010 te
590 1967 646 2029 pre
669 1945 780 2028 ceteris
803 1945 904 2010 solam
926 1945 1102 2010 adamavit!
1162 1963 1164 1968 ·

407 2048 524 2127 Gaude,
548 2049 622 2133 quia
645 2050 757 2113 mundi
780 2072 844 2128 rex,
868 2050 922 2134 qui
946 2051 1028 2115 celos
1051 2055 1169 2115 terram
1192 2050 1284 2135 regit,

405 2153 443 2219 In
466 2177 614 2239 sponsam
636 2154 686 2219 sui
708 2154 844 2219 thalami
866 2160 898 2219 te
920 2156 1020 2219 solam
1042 2155 1213 2241 perelegit!

407 2261 524 2340 Gaude,
549 2261 631 2346 quod
655 2255 817 2326 vocaberis
840 2262 951 2346 regina
974 2261 1151 2326 seculorum

322 2444 325 2450 1
407 2366 514 2450 Atque
535 2365 747 2431 dominaberis
771 2366 876 2431 choris
899 2367 1101 2451 angelorum!

332 2492 380 2526 na
410 2471 526 2550 Gaude,
551 2472 626 2556 quia
649 2472 797 2555 splendor
822 2472 883 2536 eris
907 2476 938 2536 et
960 2472 1056 2538 seculi
1079 2471 1217 2550 lucerna,
1250 2471 1253 2476 ’

407 2580 451 2643 Fa
473 2577 702 2662 glorificaberis
725 2578 819 2643 laude
841 2578 1049 2663 sempiterna!

409 2682 526 2762 Gaude,
550 2682 625 2767 quia
647 2705 703 2766 per
724 2686 757 2746 te
780 2703 880 2767 genus
903 2685 994 2746 tuum
1018 2682 1176 2746 exaltatur

407 2788 514 2872 Atque
536 2808 671 2869 regnum
693 2786 796 2851 David
820 2787 905 2872 regis
927 2809 984 2871 per
1005 2790 1037 2851 te
1059 2789 1243 2871 reparatur!

408 2893 526 2969 Gaude,
550 2892 634 2976 quod
657 2892 833 2957 humanum
855 2914 956 2977 genus
978 2894 1088 2976 perte
1111 2890 1264 2956 liberatur

331 3020 381 3055 na
410 2999 517 3082 Atque
540 2998 647 3080 lapsus
669 2998 857 3082 angelorum
879 3020 935 3081 per
957 3000 989 3061 te
1011 2998 1226 3061 restauratur!

409 3101 526 3181 Gaude,
551 3102 626 3186 quia
648 3101 716 3166 sola
737 3106 774 3166 tu
796 3102 948 3169 salvatrix
971 3104 1168 3186 peccatorum

409 3208 492 3286 Eris,
516 3210 548 3271 et
570 3207 729 3293 refugium
753 3208 901 3293 salusque
923 3207 1127 3272 miserorum!

413 3312 530 3391 Gaude,
558 3312 634 3397 quia
656 3316 768 3396 portus
791 3312 852 3377 eris
875 3315 908 3377 et
929 3335 999 3396 spes
1023 3312 1268 3396 desperatorum,

409 3419 544 3502 Erisque
567 3418 717 3483 solatium
739 3423 772 3483 et
792 3422 895 3483 mater
917 3417 1127 3483 afflictorum!
1212 3466 1214 3468 -

335 3543 386 3580 14⁷0
413 3522 531 3602 Gaude,
556 3522 632 3608 quia
653 3523 758 3609 Moysi
782 3524 884 3608 legem
907 3522 1075 3589 renovabis

410 3627 517 3712 Atque
540 3651 656 3693 novam
678 3629 782 3714 gratie
804 3628 905 3692 vitam
926 3626 1108 3692 inchoabis!

409 3731 526 3810 Gaude,
551 3732 626 3817 quia
649 3732 755 3797 cuncti
778 3737 810 3797 te
831 3732 983 3796 mortales
1006 3731 1185 3799 adorabunt

411 3836 455 3900 Et
476 3837 688 3902 misericordie
709 3841 742 3902 te
764 3841 899 3901 matrem
922 3834 1143 3920 appellabunt!

411 3939 528 4019 Gaude,
552 3941 614 4024 pia,
639 3942 741 4026 gaude
764 3940 849 4019 felix,
873 3941 943 4005 vale
964 3941 1142 4019 iocundare,

333 4064 384 4100 1⁴⁷⁶
411 4045 515 4110 Maria
538 4046 629 4131 virgo
652 4046 824 4132 virginum,
849 4046 995 4110 exultans
1017 4051 1055 4110 tu
1077 4046 1190 4110 letare!

410 4149 488 4214 Post
509 4150 571 4215 hoo
593 4154 699 4215 autem
721 4173 786 4215 non
809 4173 963 4234 apparens
987 4150 1120 4236 angelus
1144 4149 1293 4229 abscedit,

410 4255 455 4319 Et
476 4256 509 4319 in
533 4257 644 4321 domus
666 4256 767 4340 patris
790 4256 839 4323 sui
861 4256 966 4321 Maria
987 4257 1080 4342 virgo
1101 4256 1193 4321 redit.
