<?xml version="1.0" encoding="UTF-8"?>
<!DOCTYPE html PUBLIC "-//W3C//DTD XHTML 1.0 Transitional//EN"
    "http://www.w3.org/TR/xhtml1/DTD/xhtml1-transitional.dtd">
<html xmlns="http://www.w3.org/1999/xhtml" xml:lang="en" lang="en">
 <head>
  <title>
</title>
<meta http-equiv="Content-Type" content="text/html;charset=utf-8" />
  <meta name='ocr-system' content='tesseract 3.04.00' />
  <meta name='ocr-capabilities' content='ocr_page ocr_carea ocr_par ocr_line ocrx_word'/>
</head>
<body>
  <div class='ocr_page' id='page_1' title='image "./vitabeatevirgin02vggoog_0107.png"; bbox 0 0 3000 5125; ppageno 0'>
   <div class='ocr_carea' id='block_1_1' title="bbox 649 401 692 466">
    <p class='ocr_par' dir='ltr' id='par_1_1' title="bbox 649 401 692 466">
     <span class='ocr_line' id='line_1_1' title="bbox 649 401 692 466; baseline -0.023 0"><span class='ocrx_word' id='word_1_1' title='bbox 649 401 692 466; x_wconf 84' lang='lat'><strong>95</strong></span> 
     </span>
    </p>
   </div>
   <div class='ocr_carea' id='block_1_2' title="bbox 258 573 1067 758">
    <p class='ocr_par' dir='ltr' id='par_1_2' title="bbox 258 573 1067 758">
     <span class='ocr_line' id='line_1_2' title="bbox 260 573 1067 661; baseline -0.006 -17"><span class='ocrx_word' id='word_1_2' title='bbox 260 579 351 657; x_wconf 76' lang='lat' dir='ltr'><strong>Quod</strong></span> <span class='ocrx_word' id='word_1_3' title='bbox 373 576 504 661; x_wconf 72' lang='lat' dir='ltr'>collegit</span> <span class='ocrx_word' id='word_1_4' title='bbox 526 573 675 639; x_wconf 76' lang='lat' dir='ltr'><strong>herbulas</strong></span> <span class='ocrx_word' id='word_1_5' title='bbox 697 574 816 638; x_wconf 88' lang='lat' dir='ltr'><strong>multas</strong></span> <span class='ocrx_word' id='word_1_6' title='bbox 839 596 974 658; x_wconf 88' lang='lat' dir='ltr'><strong>quarum</strong></span> <span class='ocrx_word' id='word_1_7' title='bbox 995 597 1067 640; x_wconf 88' lang='lat' dir='ltr'><strong>esus</strong></span> 
     </span>
     <span class='ocr_line' id='line_1_3' title="bbox 258 681 1049 758; baseline -0.01 -7"><span class='ocrx_word' id='word_1_8' title='bbox 258 684 297 750; x_wconf 93' lang='lat' dir='ltr'><strong>In</strong></span> <span class='ocrx_word' id='word_1_9' title='bbox 319 708 381 750; x_wconf 89' lang='lat' dir='ltr'><strong>usu</strong></span> <span class='ocrx_word' id='word_1_10' title='bbox 402 705 466 747; x_wconf 91' lang='lat' dir='ltr'><strong>non</strong></span> <span class='ocrx_word' id='word_1_11' title='bbox 488 685 536 746; x_wconf 85' lang='lat' dir='ltr'><strong>est</strong></span> <span class='ocrx_word' id='word_1_12' title='bbox 558 681 734 758; x_wconf 78' lang='lat' dir='ltr'><strong>bominum,</strong></span> <span class='ocrx_word' id='word_1_13' title='bbox 758 684 865 744; x_wconf 89' lang='lat' dir='ltr'><strong>tamen</strong></span> <span class='ocrx_word' id='word_1_14' title='bbox 889 681 1049 744; x_wconf 89' lang='lat' dir='ltr'><strong>dulcerate</strong></span> 
     </span>
    </p>
   </div>
   <div class='ocr_carea' id='block_1_3' title="bbox 259 777 1118 871">
    <p class='ocr_par' dir='ltr' id='par_1_3' title="bbox 259 777 1118 871">
     <span class='ocr_line' id='line_1_4' title="bbox 259 777 1118 871; baseline -0.006 -15"><span class='ocrx_word' id='word_1_15' title='bbox 259 791 403 856; x_wconf 89' lang='lat' dir='ltr'><strong>Fuerunt</strong></span> <span class='ocrx_word' id='word_1_16' title='bbox 425 789 660 855; x_wconf 77' lang='lat' dir='ltr'>comedentibus</span> <span class='ocrx_word' id='word_1_17' title='bbox 683 788 791 853; x_wconf 89' lang='lat' dir='ltr'><strong>divina</strong></span> <span class='ocrx_word' id='word_1_18' title='bbox 813 791 980 871; x_wconf 76' lang='lat' dir='ltr'><strong>potestate.</strong></span> <span class='ocrx_word' id='word_1_19' title='bbox 1112 777 1118 789; x_wconf 78' lang='grc'><strong><em>’</em></strong></span> 
     </span>
    </p>
   </div>
   <div class='ocr_carea' id='block_1_4' title="bbox 162 1107 1186 1203">
    <p class='ocr_par' dir='ltr' id='par_1_4' title="bbox 162 1107 1186 1203">
     <span class='ocr_line' id='line_1_5' title="bbox 162 1107 1186 1203; baseline -0.005 -21"><span class='ocrx_word' id='word_1_20' title='bbox 162 1110 221 1182; x_wconf 86' lang='lat' dir='ltr'><strong>De</strong></span> <span class='ocrx_word' id='word_1_21' title='bbox 250 1132 347 1203; x_wconf 93' lang='lat' dir='ltr'><strong>aqua</strong></span> <span class='ocrx_word' id='word_1_22' title='bbox 375 1131 487 1202; x_wconf 90' lang='lat' dir='ltr'><strong>quam</strong></span> <span class='ocrx_word' id='word_1_23' title='bbox 515 1107 684 1202; x_wconf 84' lang='lat' dir='ltr'><strong>portavit</strong></span> <span class='ocrx_word' id='word_1_24' title='bbox 711 1129 803 1199; x_wconf 87' lang='lat' dir='ltr'><strong>puer</strong></span> <span class='ocrx_word' id='word_1_25' title='bbox 830 1107 941 1179; x_wconf 84' lang='lat' dir='ltr'><strong>Jesus</strong></span> <span class='ocrx_word' id='word_1_26' title='bbox 968 1107 1007 1177; x_wconf 89' lang='lat' dir='ltr'><strong>in</strong></span> <span class='ocrx_word' id='word_1_27' title='bbox 1035 1107 1186 1199; x_wconf 85' lang='lat' dir='ltr'><strong>gremio.</strong></span> 
     </span>
    </p>
   </div>
   <div class='ocr_carea' id='block_1_5' title="bbox 137 1315 1161 4563">
    <p class='ocr_par' dir='ltr' id='par_1_5' title="bbox 137 1315 1161 4563">
     <span class='ocr_line' id='line_1_6' title="bbox 260 1315 1087 1401; baseline -0.007 -17"><span class='ocrx_word' id='word_1_28' title='bbox 260 1318 344 1384; x_wconf 87' lang='lat' dir='ltr'><strong>Fons</strong></span> <span class='ocrx_word' id='word_1_29' title='bbox 367 1321 435 1382; x_wconf 87' lang='lat' dir='ltr'><strong>erat</strong></span> <span class='ocrx_word' id='word_1_30' title='bbox 456 1339 555 1401; x_wconf 82' lang='lat' dir='ltr'>prope</span> <span class='ocrx_word' id='word_1_31' title='bbox 577 1315 736 1381; x_wconf 79' lang='lat' dir='ltr'><strong>Nazareth</strong></span> <span class='ocrx_word' id='word_1_32' title='bbox 761 1315 801 1379; x_wconf 90' lang='lat' dir='ltr'><strong>ad</strong></span> <span class='ocrx_word' id='word_1_33' title='bbox 823 1337 918 1399; x_wconf 91' lang='lat' dir='ltr'><strong>quem</strong></span> <span class='ocrx_word' id='word_1_34' title='bbox 939 1315 1087 1379; x_wconf 87' lang='lat' dir='ltr'><strong>veniebat</strong></span> 
     </span>
     <span class='ocr_line' id='line_1_7' title="bbox 184 1420 994 1508; baseline -0.007 -18"><span class='ocrx_word' id='word_1_35' title='bbox 184 1444 236 1480; x_wconf 72' lang='lat'><strong>2⁰⁸⁶</strong></span> <span class='ocrx_word' id='word_1_36' title='bbox 264 1424 342 1508; x_wconf 86' lang='lat' dir='ltr'><strong>Sepe</strong></span> <span class='ocrx_word' id='word_1_37' title='bbox 365 1424 468 1500; x_wconf 77' lang='lat' dir='ltr'><strong>lesus,</strong></span> <span class='ocrx_word' id='word_1_38' title='bbox 491 1443 607 1506; x_wconf 86' lang='lat' dir='ltr'><strong>aquam</strong></span> <span class='ocrx_word' id='word_1_39' title='bbox 629 1443 685 1484; x_wconf 91' lang='lat' dir='ltr'><strong>sue</strong></span> <span class='ocrx_word' id='word_1_40' title='bbox 707 1420 803 1484; x_wconf 90' lang='lat' dir='ltr'><strong>matri</strong></span> <span class='ocrx_word' id='word_1_41' title='bbox 826 1420 994 1485; x_wconf 85' lang='lat' dir='ltr'><strong>deferebat.</strong></span> 
     </span>
     <span class='ocr_line' id='line_1_8' title="bbox 260 1526 1037 1613; baseline -0.005 -19"><span class='ocrx_word' id='word_1_42' title='bbox 260 1529 333 1594; x_wconf 84' lang='lat' dir='ltr'><strong>Ibat</strong></span> <span class='ocrx_word' id='word_1_43' title='bbox 354 1550 431 1613; x_wconf 82' lang='lat' dir='ltr'><strong>ergo</strong></span> <span class='ocrx_word' id='word_1_44' title='bbox 454 1528 503 1592; x_wconf 90' lang='lat' dir='ltr'><strong>die</strong></span> <span class='ocrx_word' id='word_1_45' title='bbox 527 1526 673 1612; x_wconf 80' lang='lat' dir='ltr'><strong>quadam,</strong></span> <span class='ocrx_word' id='word_1_46' title='bbox 697 1547 813 1609; x_wconf 82' lang='lat' dir='ltr'><strong>aquam</strong></span> <span class='ocrx_word' id='word_1_47' title='bbox 836 1529 872 1589; x_wconf 93' lang='lat' dir='ltr'><strong>ut</strong></span> <span class='ocrx_word' id='word_1_48' title='bbox 895 1529 1037 1610; x_wconf 88' lang='lat' dir='ltr'><strong>portaret</strong></span> 
     </span>
     <span class='ocr_line' id='line_1_9' title="bbox 252 1630 956 1708; baseline -0.009 -8"><span class='ocrx_word' id='word_1_49' title='bbox 252 1637 304 1700; x_wconf 76' lang='lat' dir='ltr'><strong>-nt</strong></span> <span class='ocrx_word' id='word_1_50' title='bbox 327 1655 455 1698; x_wconf 87' lang='lat' dir='ltr'>urceum</span> <span class='ocrx_word' id='word_1_51' title='bbox 476 1633 511 1697; x_wconf 91' lang='lat' dir='ltr'><strong>in</strong></span> <span class='ocrx_word' id='word_1_52' title='bbox 534 1632 680 1696; x_wconf 88' lang='lat' dir='ltr'><strong>manibus</strong></span> <span class='ocrx_word' id='word_1_53' title='bbox 703 1630 769 1694; x_wconf 88' lang='lat' dir='ltr'><strong>suis</strong></span> <span class='ocrx_word' id='word_1_54' title='bbox 792 1630 956 1708; x_wconf 77' lang='lat' dir='ltr'><strong>baiolaret,</strong></span> 
     </span>
     <span class='ocr_line' id='line_1_10' title="bbox 261 1733 1052 1828; baseline -0.001 -26"><span class='ocrx_word' id='word_1_55' title='bbox 261 1736 326 1803; x_wconf 88' lang='lat' dir='ltr'><strong>Ubi</strong></span> <span class='ocrx_word' id='word_1_56' title='bbox 349 1759 416 1802; x_wconf 86' lang='lat' dir='ltr'><strong>rem</strong></span> <span class='ocrx_word' id='word_1_57' title='bbox 438 1736 616 1800; x_wconf 91' lang='lat' dir='ltr'><strong>mirandam</strong></span> <span class='ocrx_word' id='word_1_58' title='bbox 639 1733 733 1828; x_wconf 82' lang='lat' dir='ltr'><strong>nimis</strong></span> <span class='ocrx_word' id='word_1_59' title='bbox 757 1755 836 1817; x_wconf 86' lang='lat' dir='ltr'><strong>puer</strong></span> <span class='ocrx_word' id='word_1_60' title='bbox 858 1733 953 1800; x_wconf 84' lang='lat' dir='ltr'><strong>Jesus</strong></span> <span class='ocrx_word' id='word_1_61' title='bbox 976 1737 1052 1822; x_wconf 76' lang='lat' dir='ltr'><strong>egit,</strong></span> 
     </span>
     <span class='ocr_line' id='line_1_11' title="bbox 261 1839 1135 1928; baseline -0.001 -20"><span class='ocrx_word' id='word_1_62' title='bbox 261 1842 346 1908; x_wconf 88' lang='lat' dir='ltr'><strong>Nam</strong></span> <span class='ocrx_word' id='word_1_63' title='bbox 368 1842 532 1920; x_wconf 77' lang='lat' dir='ltr'><strong>amtorem,</strong></span> <span class='ocrx_word' id='word_1_64' title='bbox 556 1862 652 1925; x_wconf 91' lang='lat' dir='ltr'><strong>quam</strong></span> <span class='ocrx_word' id='word_1_65' title='bbox 673 1839 821 1906; x_wconf 88' lang='lat' dir='ltr'><strong>manibus</strong></span> <span class='ocrx_word' id='word_1_66' title='bbox 843 1841 1006 1921; x_wconf 87' lang='lat' dir='ltr'><strong>baiolavit‚</strong></span> <span class='ocrx_word' id='word_1_67' title='bbox 1028 1842 1135 1928; x_wconf 78' lang='lat' dir='ltr'><strong>fregit,</strong></span> 
     </span>
     <span class='ocr_line' id='line_1_12' title="bbox 183 1945 1044 2031; baseline -0.003 -16"><span class='ocrx_word' id='word_1_68' title='bbox 183 1971 235 2007; x_wconf 74' lang='lat'>2⁶⁹⁰</span> <span class='ocrx_word' id='word_1_69' title='bbox 262 1950 306 2014; x_wconf 84' lang='lat' dir='ltr'><strong>Et</strong></span> <span class='ocrx_word' id='word_1_70' title='bbox 328 1971 383 2014; x_wconf 89' lang='lat' dir='ltr'><strong>sue</strong></span> <span class='ocrx_word' id='word_1_71' title='bbox 405 1948 502 2012; x_wconf 88' lang='lat' dir='ltr'><strong>vestis</strong></span> <span class='ocrx_word' id='word_1_72' title='bbox 525 1945 646 2031; x_wconf 90' lang='lat' dir='ltr'><strong>gremio</strong></span> <span class='ocrx_word' id='word_1_73' title='bbox 669 1945 768 2009; x_wconf 89' lang='lat' dir='ltr'><strong>fontis</strong></span> <span class='ocrx_word' id='word_1_74' title='bbox 791 1968 906 2029; x_wconf 82' lang='lat' dir='ltr'><strong>aquam</strong></span> <span class='ocrx_word' id='word_1_75' title='bbox 927 1948 1044 2026; x_wconf 82' lang='lat' dir='ltr'><strong>hausit,</strong></span> 
     </span>
     <span class='ocr_line' id='line_1_13' title="bbox 262 2052 919 2139; baseline -0.006 -19"><span class='ocrx_word' id='word_1_76' title='bbox 262 2054 367 2139; x_wconf 87' lang='lat' dir='ltr'><strong>Ipsam</strong></span> <span class='ocrx_word' id='word_1_77' title='bbox 390 2053 482 2119; x_wconf 92' lang='lat' dir='ltr'><strong>utin</strong></span> <span class='ocrx_word' id='word_1_78' title='bbox 504 2073 598 2116; x_wconf 87' lang='lat' dir='ltr'><strong>urceo</strong></span> <span class='ocrx_word' id='word_1_79' title='bbox 621 2052 694 2115; x_wconf 89' lang='lat' dir='ltr'><strong>sinu</strong></span> <span class='ocrx_word' id='word_1_80' title='bbox 714 2073 773 2115; x_wconf 89' lang='lat' dir='ltr'><strong>suo</strong></span> <span class='ocrx_word' id='word_1_81' title='bbox 796 2052 919 2132; x_wconf 82' lang='lat' dir='ltr'><strong>clausit,</strong></span> 
     </span>
     <span class='ocr_line' id='line_1_14' title="bbox 261 2158 1142 2246; baseline -0.001 -21"><span class='ocrx_word' id='word_1_82' title='bbox 261 2160 312 2225; x_wconf 90' lang='lat' dir='ltr'><strong>Ita</strong></span> <span class='ocrx_word' id='word_1_83' title='bbox 334 2161 418 2246; x_wconf 88' lang='lat' dir='ltr'><strong>quod</strong></span> <span class='ocrx_word' id='word_1_84' title='bbox 441 2181 498 2223; x_wconf 91' lang='lat' dir='ltr'><strong>nec</strong></span> <span class='ocrx_word' id='word_1_85' title='bbox 519 2180 585 2221; x_wconf 90' lang='lat' dir='ltr'><strong>una</strong></span> <span class='ocrx_word' id='word_1_86' title='bbox 607 2160 701 2242; x_wconf 88' lang='lat' dir='ltr'><strong>gutta</strong></span> <span class='ocrx_word' id='word_1_87' title='bbox 723 2179 779 2241; x_wconf 88' lang='lat' dir='ltr'><strong>per</strong></span> <span class='ocrx_word' id='word_1_88' title='bbox 801 2180 942 2241; x_wconf 91' lang='lat' dir='ltr'><strong>pannum</strong></span> <span class='ocrx_word' id='word_1_89' title='bbox 965 2158 1142 2234; x_wconf 87' lang='lat' dir='ltr'><strong>emanavit;</strong></span> 
     </span>
     <span class='ocr_line' id='line_1_15' title="bbox 263 2262 1080 2351; baseline -0.004 -20"><span class='ocrx_word' id='word_1_90' title='bbox 263 2265 315 2331; x_wconf 83' lang='lat' dir='ltr'><strong>Sic</strong></span> <span class='ocrx_word' id='word_1_91' title='bbox 337 2288 453 2351; x_wconf 87' lang='lat' dir='ltr'><strong>aquam</strong></span> <span class='ocrx_word' id='word_1_92' title='bbox 475 2265 605 2329; x_wconf 89' lang='lat' dir='ltr'><strong>domum</strong></span> <span class='ocrx_word' id='word_1_93' title='bbox 627 2262 749 2326; x_wconf 85' lang='lat' dir='ltr'><strong>rediens</strong></span> <span class='ocrx_word' id='word_1_94' title='bbox 773 2263 869 2325; x_wconf 91' lang='lat' dir='ltr'><strong>matri</strong></span> <span class='ocrx_word' id='word_1_95' title='bbox 891 2263 1080 2347; x_wconf 80' lang='lat' dir='ltr'><strong>deportavit.</strong></span> 
     </span>
     <span class='ocr_line' id='line_1_16' title="bbox 262 2367 953 2453; baseline -0.003 -18"><span class='ocrx_word' id='word_1_96' title='bbox 262 2371 332 2437; x_wconf 89' lang='lat' dir='ltr'><strong>Hoc</strong></span> <span class='ocrx_word' id='word_1_97' title='bbox 354 2371 498 2436; x_wconf 81' lang='lat' dir='ltr'><strong>videnter</strong></span> <span class='ocrx_word' id='word_1_98' title='bbox 519 2368 610 2453; x_wconf 91' lang='lat' dir='ltr'><strong>pueri</strong></span> <span class='ocrx_word' id='word_1_99' title='bbox 632 2390 705 2431; x_wconf 81' lang='lat' dir='ltr'><strong>suas</strong></span> <span class='ocrx_word' id='word_1_100' title='bbox 728 2367 953 2453; x_wconf 78' lang='lat' dir='ltr'><strong>confregerunt</strong></span> 
     </span>
     <span class='ocr_line' id='line_1_17' title="bbox 187 2474 1044 2557; baseline -0.002 -16"><span class='ocrx_word' id='word_1_101' title='bbox 187 2496 237 2533; x_wconf 74' lang='lat'><strong>2⁶⁹⁶</strong></span> <span class='ocrx_word' id='word_1_102' title='bbox 264 2476 415 2541; x_wconf 85' lang='lat' dir='ltr'><strong>Amforas</strong></span> <span class='ocrx_word' id='word_1_103' title='bbox 437 2479 469 2540; x_wconf 91' lang='lat' dir='ltr'><strong>et</strong></span> <span class='ocrx_word' id='word_1_104' title='bbox 491 2475 578 2539; x_wconf 86' lang='lat' dir='ltr'><strong>sinus</strong></span> <span class='ocrx_word' id='word_1_105' title='bbox 601 2495 674 2538; x_wconf 89' lang='lat' dir='ltr'><strong>suos</strong></span> <span class='ocrx_word' id='word_1_106' title='bbox 697 2495 813 2557; x_wconf 88' lang='lat' dir='ltr'><strong>aquam</strong></span> <span class='ocrx_word' id='word_1_107' title='bbox 834 2474 1044 2557; x_wconf 84' lang='lat' dir='ltr'><strong>repleverunt,</strong></span> 
     </span>
     <span class='ocr_line' id='line_1_18' title="bbox 137 2580 1015 2665; baseline 0 -20"><span class='ocrx_word' id='word_1_108' title='bbox 137 2638 140 2645; x_wconf 90' lang='lat'>.</span> <span class='ocrx_word' id='word_1_109' title='bbox 262 2582 339 2662; x_wconf 71' lang='lat' dir='ltr'><strong>(lue,</strong></span> <span class='ocrx_word' id='word_1_110' title='bbox 363 2583 445 2646; x_wconf 90' lang='lat' dir='ltr'><strong>sicut</strong></span> <span class='ocrx_word' id='word_1_111' title='bbox 466 2582 532 2646; x_wconf 85' lang='lat' dir='ltr'><strong>eius</strong></span> <span class='ocrx_word' id='word_1_112' title='bbox 556 2580 656 2665; x_wconf 82' lang='lat' dir='ltr'><strong>exigit</strong></span> <span class='ocrx_word' id='word_1_113' title='bbox 677 2584 804 2658; x_wconf 82' lang='lat' dir='ltr'><strong>natura,</strong></span> <span class='ocrx_word' id='word_1_114' title='bbox 826 2581 1015 2663; x_wconf 85' lang='lat' dir='ltr'><strong>penetravit,</strong></span> 
     </span>
     <span class='ocr_line' id='line_1_19' title="bbox 261 2685 1000 2773; baseline -0.003 -20"><span class='ocrx_word' id='word_1_115' title='bbox 261 2688 322 2754; x_wconf 91' lang='lat' dir='ltr'><strong>Per</strong></span> <span class='ocrx_word' id='word_1_116' title='bbox 344 2688 504 2773; x_wconf 91' lang='lat' dir='ltr'><strong>pannique</strong></span> <span class='ocrx_word' id='word_1_117' title='bbox 525 2686 684 2751; x_wconf 89' lang='lat' dir='ltr'><strong>foramina</strong></span> <span class='ocrx_word' id='word_1_118' title='bbox 706 2685 808 2749; x_wconf 89' lang='lat' dir='ltr'><strong>fluens</strong></span> <span class='ocrx_word' id='word_1_119' title='bbox 831 2688 1000 2751; x_wconf 77' lang='lat' dir='ltr'><strong>emanavit.</strong></span> 
     </span>
     <span class='ocr_line' id='line_1_20' title="bbox 263 2791 1065 2858; baseline -0.001 0"><span class='ocrx_word' id='word_1_120' title='bbox 263 2793 312 2858; x_wconf 91' lang='lat' dir='ltr'><strong>Ob</strong></span> <span class='ocrx_word' id='word_1_121' title='bbox 334 2795 395 2858; x_wconf 92' lang='lat' dir='ltr'><strong>hoc</strong></span> <span class='ocrx_word' id='word_1_122' title='bbox 415 2792 465 2857; x_wconf 92' lang='lat' dir='ltr'><strong>illi</strong></span> <span class='ocrx_word' id='word_1_123' title='bbox 487 2792 672 2856; x_wconf 88' lang='lat' dir='ltr'><strong>contristate</strong></span> <span class='ocrx_word' id='word_1_124' title='bbox 694 2791 797 2855; x_wconf 89' lang='lat' dir='ltr'><strong>redire</strong></span> <span class='ocrx_word' id='word_1_125' title='bbox 820 2813 883 2856; x_wconf 91' lang='lat' dir='ltr'><strong>non</strong></span> <span class='ocrx_word' id='word_1_126' title='bbox 907 2792 1065 2858; x_wconf 83' lang='lat' dir='ltr'><strong>audebant</strong></span> 
     </span>
     <span class='ocr_line' id='line_1_21' title="bbox 262 2897 1154 2978; baseline -0.001 -14"><span class='ocrx_word' id='word_1_127' title='bbox 262 2900 409 2978; x_wconf 82' lang='lat' dir='ltr'><strong>Domum,</strong></span> <span class='ocrx_word' id='word_1_128' title='bbox 433 2899 487 2963; x_wconf 90' lang='lat' dir='ltr'><strong>sed</strong></span> <span class='ocrx_word' id='word_1_129' title='bbox 510 2898 549 2961; x_wconf 89' lang='lat' dir='ltr'><strong>ad</strong></span> <span class='ocrx_word' id='word_1_130' title='bbox 572 2897 692 2961; x_wconf 89' lang='lat' dir='ltr'><strong>fontem</strong></span> <span class='ocrx_word' id='word_1_131' title='bbox 715 2897 811 2961; x_wconf 86' lang='lat' dir='ltr'><strong>simul</strong></span> <span class='ocrx_word' id='word_1_132' title='bbox 833 2898 1002 2964; x_wconf 89' lang='lat' dir='ltr'><strong>residentes</strong></span> <span class='ocrx_word' id='word_1_133' title='bbox 1025 2899 1154 2963; x_wconf 90' lang='lat' dir='ltr'><strong>flebant.</strong></span> 
     </span>
     <span class='ocr_line' id='line_1_22' title="bbox 187 3001 1161 3089; baseline -0.001 -20"><span class='ocrx_word' id='word_1_134' title='bbox 187 3026 238 3062; x_wconf 73' lang='lat' dir='ltr'><strong>croc</strong></span> <span class='ocrx_word' id='word_1_135' title='bbox 265 3006 354 3069; x_wconf 80' lang='lat' dir='ltr'><strong>Tunc</strong></span> <span class='ocrx_word' id='word_1_136' title='bbox 376 3004 516 3088; x_wconf 78' lang='lat' dir='ltr'><strong>precepit</strong></span> <span class='ocrx_word' id='word_1_137' title='bbox 536 3004 601 3067; x_wconf 89' lang='lat' dir='ltr'><strong>illis</strong></span> <span class='ocrx_word' id='word_1_138' title='bbox 624 3001 727 3081; x_wconf 78' lang='lat' dir='ltr'><strong>lesus,</strong></span> <span class='ocrx_word' id='word_1_139' title='bbox 749 3007 786 3066; x_wconf 94' lang='lat' dir='ltr'><strong>ut</strong></span> <span class='ocrx_word' id='word_1_140' title='bbox 809 3007 907 3068; x_wconf 85' lang='lat' dir='ltr'><strong>testas</strong></span> <span class='ocrx_word' id='word_1_141' title='bbox 929 3009 1161 3089; x_wconf 81' lang='lat' dir='ltr'><strong>congregarent</strong></span> 
     </span>
     <span class='ocr_line' id='line_1_23' title="bbox 263 3107 968 3193; baseline -0.003 -19"><span class='ocrx_word' id='word_1_142' title='bbox 263 3112 307 3175; x_wconf 84' lang='lat' dir='ltr'><strong>Et</strong></span> <span class='ocrx_word' id='word_1_143' title='bbox 329 3110 368 3174; x_wconf 92' lang='lat' dir='ltr'><strong>ad</strong></span> <span class='ocrx_word' id='word_1_144' title='bbox 392 3131 464 3174; x_wconf 87' lang='lat' dir='ltr'><strong>eum</strong></span> <span class='ocrx_word' id='word_1_145' title='bbox 486 3107 606 3193; x_wconf 85' lang='lat' dir='ltr'><strong>singuli</strong></span> <span class='ocrx_word' id='word_1_146' title='bbox 628 3130 701 3171; x_wconf 84' lang='lat' dir='ltr'><strong>suas</strong></span> <span class='ocrx_word' id='word_1_147' title='bbox 724 3112 968 3192; x_wconf 89' lang='lat' dir='ltr'><strong>comportarent.</strong></span> 
     </span>
     <span class='ocr_line' id='line_1_24' title="bbox 264 3213 944 3299; baseline -0.003 -20"><span class='ocrx_word' id='word_1_148' title='bbox 264 3213 439 3279; x_wconf 81' lang='lat' dir='ltr'><strong>Confestim</strong></span> <span class='ocrx_word' id='word_1_149' title='bbox 462 3214 528 3278; x_wconf 87' lang='lat' dir='ltr'><strong>eius</strong></span> <span class='ocrx_word' id='word_1_150' title='bbox 550 3213 636 3277; x_wconf 89' lang='lat' dir='ltr'><strong>urcei</strong></span> <span class='ocrx_word' id='word_1_151' title='bbox 659 3213 793 3277; x_wconf 88' lang='lat' dir='ltr'><strong>testulas</strong></span> <span class='ocrx_word' id='word_1_152' title='bbox 816 3214 944 3299; x_wconf 84' lang='lat' dir='ltr'><strong>collegit</strong></span> 
     </span>
     <span class='ocr_line' id='line_1_25' title="bbox 264 3316 1101 3405; baseline -0.001 -22"><span class='ocrx_word' id='word_1_153' title='bbox 264 3319 374 3396; x_wconf 83' lang='lat' dir='ltr'><strong>Quivis</strong></span> <span class='ocrx_word' id='word_1_154' title='bbox 396 3323 428 3384; x_wconf 88' lang='lat' dir='ltr'><strong>et</strong></span> <span class='ocrx_word' id='word_1_155' title='bbox 450 3319 484 3382; x_wconf 93' lang='lat' dir='ltr'><strong>in</strong></span> <span class='ocrx_word' id='word_1_156' title='bbox 507 3341 583 3382; x_wconf 83' lang='lat' dir='ltr'><strong>vasa</strong></span> <span class='ocrx_word' id='word_1_157' title='bbox 605 3316 698 3382; x_wconf 88' lang='lat' dir='ltr'><strong>Jesus</strong></span> <span class='ocrx_word' id='word_1_158' title='bbox 722 3319 781 3382; x_wconf 89' lang='lat' dir='ltr'><strong>has</strong></span> <span class='ocrx_word' id='word_1_159' title='bbox 804 3319 939 3402; x_wconf 90' lang='lat' dir='ltr'><strong>pristina</strong></span> <span class='ocrx_word' id='word_1_160' title='bbox 962 3320 1101 3405; x_wconf 81' lang='lat' dir='ltr'><strong>redegit3</strong></span> 
     </span>
     <span class='ocr_line' id='line_1_26' title="bbox 265 3423 945 3508; baseline -0.001 -18"><span class='ocrx_word' id='word_1_161' title='bbox 265 3425 359 3490; x_wconf 89' lang='lat' dir='ltr'><strong>Pueri</strong></span> <span class='ocrx_word' id='word_1_162' title='bbox 380 3447 455 3488; x_wconf 88' lang='lat' dir='ltr'><strong>nam</strong></span> <span class='ocrx_word' id='word_1_163' title='bbox 478 3423 610 3488; x_wconf 88' lang='lat' dir='ltr'><strong>testulas</strong></span> <span class='ocrx_word' id='word_1_164' title='bbox 632 3447 705 3487; x_wconf 85' lang='lat' dir='ltr'><strong>suas</strong></span> <span class='ocrx_word' id='word_1_165' title='bbox 729 3428 945 3508; x_wconf 73' lang='lat' dir='ltr'><strong>portaverunt,</strong></span> 
     </span>
     <span class='ocr_line' id='line_1_27' title="bbox 187 3528 923 3614; baseline 0.001 -21"><span class='ocrx_word' id='word_1_166' title='bbox 187 3550 237 3586; x_wconf 78' lang='lat'>2⁷0⁵</span> <span class='ocrx_word' id='word_1_167' title='bbox 264 3529 312 3593; x_wconf 84' lang='lat' dir='ltr'><strong>Ac</strong></span> <span class='ocrx_word' id='word_1_168' title='bbox 335 3530 374 3594; x_wconf 88' lang='lat' dir='ltr'><strong>ad</strong></span> <span class='ocrx_word' id='word_1_169' title='bbox 396 3530 489 3613; x_wconf 85' lang='lat' dir='ltr'><strong>pedes</strong></span> <span class='ocrx_word' id='word_1_170' title='bbox 512 3530 602 3613; x_wconf 88' lang='lat' dir='ltr'><strong>pueri</strong></span> <span class='ocrx_word' id='word_1_171' title='bbox 624 3528 717 3594; x_wconf 87' lang='lat' dir='ltr'><strong>Jesus</strong></span> <span class='ocrx_word' id='word_1_172' title='bbox 740 3537 923 3614; x_wconf 88' lang='lat' dir='ltr'><strong>posuerunt.</strong></span> 
     </span>
     <span class='ocr_line' id='line_1_28' title="bbox 224 3634 1069 3721; baseline 0.001 -23"><span class='ocrx_word' id='word_1_173' title='bbox 224 3638 227 3647; x_wconf 86' lang='lat'><em>&#39;</em></span> <span class='ocrx_word' id='word_1_174' title='bbox 264 3635 352 3699; x_wconf 85' lang='lat' dir='ltr'><strong>Tunc</strong></span> <span class='ocrx_word' id='word_1_175' title='bbox 375 3634 467 3699; x_wconf 86' lang='lat' dir='ltr'><strong>Jesus</strong></span> <span class='ocrx_word' id='word_1_176' title='bbox 490 3635 562 3698; x_wconf 88' lang='lat' dir='ltr'><strong>illas</strong></span> <span class='ocrx_word' id='word_1_177' title='bbox 584 3635 716 3699; x_wconf 85' lang='lat' dir='ltr'><strong>testulas</strong></span> <span class='ocrx_word' id='word_1_178' title='bbox 740 3658 836 3698; x_wconf 79' lang='lat' dir='ltr'><strong>uranu</strong></span> <span class='ocrx_word' id='word_1_179' title='bbox 860 3637 1069 3721; x_wconf 82' lang='lat' dir='ltr'><strong>consignavit,</strong></span> 
     </span>
     <span class='ocr_line' id='line_1_29' title="bbox 264 3739 961 3824; baseline 0.003 -21"><span class='ocrx_word' id='word_1_180' title='bbox 264 3740 308 3803; x_wconf 83' lang='lat' dir='ltr'><strong>Et</strong></span> <span class='ocrx_word' id='word_1_181' title='bbox 329 3739 450 3804; x_wconf 89' lang='lat' dir='ltr'><strong>cunctis</strong></span> <span class='ocrx_word' id='word_1_182' title='bbox 473 3739 674 3803; x_wconf 89' lang='lat' dir='ltr'><strong>audientibus</strong></span> <span class='ocrx_word' id='word_1_183' title='bbox 696 3739 761 3803; x_wconf 91' lang='lat' dir='ltr'><strong>illis</strong></span> <span class='ocrx_word' id='word_1_184' title='bbox 783 3740 961 3824; x_wconf 76' lang='lat' dir='ltr'><strong>imperavit,</strong></span> 
     </span>
     <span class='ocr_line' id='line_1_30' title="bbox 265 3842 1107 3928; baseline 0.002 -20"><span class='ocrx_word' id='word_1_185' title='bbox 265 3842 310 3908; x_wconf 91' lang='lat' dir='ltr'><strong>Ut</strong></span> <span class='ocrx_word' id='word_1_186' title='bbox 333 3845 372 3907; x_wconf 91' lang='lat' dir='ltr'><strong>ad</strong></span> <span class='ocrx_word' id='word_1_187' title='bbox 395 3866 450 3909; x_wconf 88' lang='lat' dir='ltr'><strong>sue</strong></span> <span class='ocrx_word' id='word_1_188' title='bbox 472 3845 582 3928; x_wconf 86' lang='lat' dir='ltr'><strong>quevis</strong></span> <span class='ocrx_word' id='word_1_189' title='bbox 605 3845 710 3909; x_wconf 91' lang='lat' dir='ltr'><strong>locum</strong></span> <span class='ocrx_word' id='word_1_190' title='bbox 732 3844 849 3910; x_wconf 87' lang='lat' dir='ltr'><strong>rediret</strong></span> <span class='ocrx_word' id='word_1_191' title='bbox 872 3868 946 3909; x_wconf 87' lang='lat' dir='ltr'><strong>mox</strong></span> <span class='ocrx_word' id='word_1_192' title='bbox 968 3846 1107 3910; x_wconf 87' lang='lat' dir='ltr'><strong>fracture</strong></span> 
     </span>
     <span class='ocr_line' id='line_1_31' title="bbox 264 3948 1024 4034; baseline 0.003 -22"><span class='ocrx_word' id='word_1_193' title='bbox 264 3948 307 4012; x_wconf 81' lang='lat' dir='ltr'><strong>Et</strong></span> <span class='ocrx_word' id='word_1_194' title='bbox 330 3950 470 4033; x_wconf 88' lang='lat' dir='ltr'><strong>quelibet</strong></span> <span class='ocrx_word' id='word_1_195' title='bbox 492 3972 524 4013; x_wconf 92' lang='lat' dir='ltr'><strong>se</strong></span> <span class='ocrx_word' id='word_1_196' title='bbox 546 3950 693 4034; x_wconf 85' lang='lat' dir='ltr'><strong>iungeret</strong></span> <span class='ocrx_word' id='word_1_197' title='bbox 715 3950 849 4033; x_wconf 88' lang='lat' dir='ltr'><strong>pristine</strong></span> <span class='ocrx_word' id='word_1_198' title='bbox 870 3951 1024 4016; x_wconf 87' lang='lat' dir='ltr'><strong>iuncture.</strong></span> 
     </span>
     <span class='ocr_line' id='line_1_32' title="bbox 188 4052 975 4138; baseline 0.005 -21"><span class='ocrx_word' id='word_1_199' title='bbox 188 4073 239 4109; x_wconf 59' lang='lat'><strong>2110</strong></span> <span class='ocrx_word' id='word_1_200' title='bbox 266 4052 381 4118; x_wconf 82' lang='lat' dir='ltr'><strong>Statim</strong></span> <span class='ocrx_word' id='word_1_201' title='bbox 404 4054 459 4118; x_wconf 85' lang='lat' dir='ltr'><strong>ille</strong></span> <span class='ocrx_word' id='word_1_202' title='bbox 480 4056 596 4119; x_wconf 89' lang='lat' dir='ltr'><strong>testule</strong></span> <span class='ocrx_word' id='word_1_203' title='bbox 619 4078 674 4138; x_wconf 91' lang='lat' dir='ltr'><strong>per</strong></span> <span class='ocrx_word' id='word_1_204' title='bbox 696 4078 729 4119; x_wconf 90' lang='lat' dir='ltr'><strong>se</strong></span> <span class='ocrx_word' id='word_1_205' title='bbox 751 4057 975 4121; x_wconf 84' lang='lat' dir='ltr'><strong>combinantur</strong></span> 
     </span>
     <span class='ocr_line' id='line_1_33' title="bbox 263 4160 1034 4246; baseline 0.003 -23"><span class='ocrx_word' id='word_1_206' title='bbox 263 4160 308 4223; x_wconf 84' lang='lat' dir='ltr'><strong>Et</strong></span> <span class='ocrx_word' id='word_1_207' title='bbox 330 4160 492 4225; x_wconf 85' lang='lat' dir='ltr'><strong>confracta</strong></span> <span class='ocrx_word' id='word_1_208' title='bbox 514 4161 641 4224; x_wconf 88' lang='lat' dir='ltr'><strong>vascula</strong></span> <span class='ocrx_word' id='word_1_209' title='bbox 663 4183 789 4224; x_wconf 90' lang='lat' dir='ltr'><strong>rursum</strong></span> <span class='ocrx_word' id='word_1_210' title='bbox 812 4162 1034 4246; x_wconf 75' lang='lat' dir='ltr'><strong>integrantur3</strong></span> 
     </span>
     <span class='ocr_line' id='line_1_34' title="bbox 265 4265 1083 4350; baseline 0.006 -23"><span class='ocrx_word' id='word_1_211' title='bbox 265 4265 308 4328; x_wconf 81' lang='lat' dir='ltr'><strong>Et</strong></span> <span class='ocrx_word' id='word_1_212' title='bbox 332 4266 452 4330; x_wconf 82' lang='lat' dir='ltr'><strong>amfore</strong></span> <span class='ocrx_word' id='word_1_213' title='bbox 474 4289 534 4350; x_wconf 91' lang='lat' dir='ltr'><strong>que</strong></span> <span class='ocrx_word' id='word_1_214' title='bbox 556 4267 683 4330; x_wconf 77' lang='lat' dir='ltr'><strong>fueraut</strong></span> <span class='ocrx_word' id='word_1_215' title='bbox 705 4266 738 4329; x_wconf 90' lang='lat' dir='ltr'><strong>in</strong></span> <span class='ocrx_word' id='word_1_216' title='bbox 762 4267 900 4331; x_wconf 87' lang='lat' dir='ltr'><strong>frustula</strong></span> <span class='ocrx_word' id='word_1_217' title='bbox 923 4268 1083 4332; x_wconf 84' lang='lat' dir='ltr'><strong>confracte</strong></span> 
     </span>
     <span class='ocr_line' id='line_1_35' title="bbox 264 4368 1088 4455; baseline 0.004 -22"><span class='ocrx_word' id='word_1_218' title='bbox 264 4368 301 4433; x_wconf 91' lang='lat' dir='ltr'><strong>In</strong></span> <span class='ocrx_word' id='word_1_219' title='bbox 324 4393 401 4435; x_wconf 87' lang='lat' dir='ltr'><strong>vasa</strong></span> <span class='ocrx_word' id='word_1_220' title='bbox 423 4371 510 4436; x_wconf 83' lang='lat' dir='ltr'><strong>velut</strong></span> <span class='ocrx_word' id='word_1_221' title='bbox 533 4376 626 4435; x_wconf 89' lang='lat' dir='ltr'><strong>antea</strong></span> <span class='ocrx_word' id='word_1_222' title='bbox 648 4394 703 4455; x_wconf 86' lang='lat' dir='ltr'><strong>per</strong></span> <span class='ocrx_word' id='word_1_223' title='bbox 725 4369 835 4436; x_wconf 84' lang='lat' dir='ltr'><strong>Jesum</strong></span> <span class='ocrx_word' id='word_1_224' title='bbox 858 4376 933 4437; x_wconf 91' lang='lat' dir='ltr'><strong>sunt</strong></span> <span class='ocrx_word' id='word_1_225' title='bbox 956 4373 1088 4437; x_wconf 87' lang='lat' dir='ltr'><strong>redacte.</strong></span> 
     </span>
     <span class='ocr_line' id='line_1_36' title="bbox 264 4474 1110 4563; baseline 0.002 -22"><span class='ocrx_word' id='word_1_226' title='bbox 264 4474 343 4541; x_wconf 78' lang='lat' dir='ltr'><strong>Cum</strong></span> <span class='ocrx_word' id='word_1_227' title='bbox 366 4477 426 4541; x_wconf 89' lang='lat' dir='ltr'><strong>hoc</strong></span> <span class='ocrx_word' id='word_1_228' title='bbox 449 4477 591 4542; x_wconf 89' lang='lat' dir='ltr'><strong>viderent</strong></span> <span class='ocrx_word' id='word_1_229' title='bbox 614 4477 705 4562; x_wconf 87' lang='lat' dir='ltr'><strong>pueri</strong></span> <span class='ocrx_word' id='word_1_230' title='bbox 727 4478 902 4563; x_wconf 87' lang='lat' dir='ltr'><strong>gaudentes</strong></span> <span class='ocrx_word' id='word_1_231' title='bbox 925 4483 1110 4563; x_wconf 88' lang='lat' dir='ltr'><strong>receperunt</strong></span> 
     </span>
    </p>
   </div>
   <div class='ocr_carea' id='block_1_6' title="bbox 0 0 1510 5125">
    <p class='ocr_par' dir='ltr' id='par_1_6' title="bbox 0 0 1510 5125">
     <span class='ocr_line' id='line_1_37' title="bbox 0 0 1510 5125; baseline 0 0"><span class='ocrx_word' id='word_1_232' title='bbox 0 0 1510 5125; x_wconf 95' lang='lat' dir='ltr'><strong> </strong></span> 
     </span>
    </p>
   </div>
  </div>
 </body>
</html>
