3000 5125
404 542 520 612 Daniel
541 542 603 608 ait:
628 540 717 609 »Hac
739 547 789 608 est
809 563 901 610 mons
923 543 1047 628 dequo
1069 543 1132 610 fuit
1154 543 1292 629 perclsus

405 647 500 732 Lapis
522 647 590 712 sine
612 647 771 728 manibus,
794 670 871 721 nam
892 648 968 712 deus
990 648 1145 714 indivisus

407 752 460 818 Ab
482 774 520 817 ea
541 774 672 820 nascens
693 752 763 819 sina
784 752 888 818 carnis
910 753 1118 819 delectatione

327 875 379 915 ⁷⁸2⁶
405 857 450 924 llt
471 857 539 923 sine
562 858 624 923 viri
645 858 774 924 seminis
796 858 1009 943 operatione«

406 962 554 1048 Baptista
575 984 701 1048 qnoque
723 963 843 1029 domini
866 962 1030 1029 lohannes
1050 967 1186 1029 matrem
1208 965 1258 1030 dei

407 1066 487 1133 Cum
509 1066 599 1148 vidit,
622 1068 655 1132 in
679 1067 819 1153 tripudio
842 1068 1032 1135 decantabat
1053 1069 1082 1134 ai

406 1173 529 1238 Laudes
551 1172 675 1238 dicens:
701 1174 803 1239 »Ecce
825 1174 914 1239 venit
933 1177 1036 1239 mater
1059 1174 1136 1259 agni
1158 1175 1218 1253 dai,

408 1277 470 1353 oui
491 1280 620 1361 peccata
643 1278 753 1342 mundi
775 1278 871 1358 tollit,
894 1284 932 1343 ut
953 1277 1185 1363 prophetabam
1207 1279 1246 1346 ei.

330 1400 382 1437 τωο
407 1380 476 1446 Hec
498 1385 546 1446 est
567 1381 624 1446 illa
645 1386 776 1466 propter
798 1404 894 1467 quam
916 1404 988 1447 cum
1010 1383 1114 1448 adbuc
1135 1382 1303 1448 manebam

409 1485 447 1552 ln
470 1491 579 1552 ventre
600 1488 713 1552 matris
735 1489 932 1568 exultabam,
957 1493 1134 1573 presentem
1156 1511 1230 1554 nam
1251 1488 1416 1569 sciebam,

408 1591 452 1657 Et
475 1613 547 1657 eum
567 1592 638 1676 ipsa
658 1592 846 1679 genitricem
867 1616 970 1659 meam
991 1594 1163 1673 salutabat,
1480 1577 1481 1592 ¹

409 1695 458 1762 lm
479 1719 548 1762 mee
569 1697 681 1762 matris
703 1701 795 1763 utero
817 1720 872 1764 cor
893 1721 1000 1766 meum
1021 1698 1196 1765 exultabat.

409 1800 561 1886 Concepit
582 1801 640 1866 hec
663 1806 695 1866 et
717 1803 840 1887 peperit
861 1826 992 1869 manens
1014 1803 1196 1869 incontacta
1239 1867 1244 1876 ,

332 1925 383 1962 2⁸³⁶
409 1905 521 1992 Virgo,
545 1928 617 1972 caro
640 1907 741 1973 deitas
763 1909 797 1973 in
819 1932 856 1974 ea
877 1931 952 1978 nam
975 1914 1023 1976 est
1044 1910 1138 1975 facta

410 2011 455 2076 Et
478 2013 539 2076 hoc
561 2034 686 2097 quoque
708 2014 830 2078 factum
852 2018 901 2080 est
921 2037 973 2080 me
994 2013 1217 2098 preconizante

410 2116 544 2202 Meaque
566 2117 735 2184 nativitate
757 2140 809 2182 me
830 2118 1079 2202 preambulante.

411 2221 512 2288 Maria
534 2245 659 2308 quoque
681 2223 815 2307 virginis
838 2225 1028 2290 sanctissimi
1050 2228 1197 2309 parentes

410 2327 557 2394 Joachim
578 2332 611 2394 et
634 2329 730 2396 Anna
750 2351 842 2396 suam
865 2329 963 2396 filiam
986 2330 1139 2409 videntes,

333 2454 385 2492 ²⁸⁴⁰
410 2432 448 2499 In
470 2434 623 2500 honorem
645 2433 747 2520 glorie
769 2438 836 2500 tam
858 2457 975 2521 magne
997 2435 1185 2512 venientem,
1239 2463 1244 2474 ·

411 2538 519 2625 Atque
541 2562 636 2625 super
658 2540 846 2626 angelorum
868 2541 982 2606 choros
1006 2540 1235 2618 ascendentem,

412 2645 599 2711 Gaudebant
621 2648 748 2710 tantum
770 2646 959 2726 exultantes,
982 2644 1066 2736 qnod
1089 2667 1153 2711 nou
1175 2639 1317 2710 estimari

410 2749 532 2830 Posset,
554 2772 612 2816 nec
634 2751 674 2816 ab
697 2750 806 2835 aliquo
828 2752 921 2816 corde
943 2750 1087 2836 cogitari.

411 2854 531 2941 Joseph
553 2856 754 2922 beatissimus
776 2860 809 2922 et
831 2878 903 2922 vere
926 2856 1122 2921 venerandus

333 2980 385 3017 ⁷⁸4⁶
412 2959 473 3025 Pre
494 2961 616 3026 cunctis
638 2961 757 3027 sanatis
780 2961 865 3026 curie
887 2960 1010 3029 celestis
1033 2958 1270 3035 collaudandus,

411 3068 456 3132 llt
478 3072 602 3132 amator
623 3050 789 3147 castitatis,
813 3089 850 3133 ac
872 3068 1034 3152 speculum
1056 3064 1195 3144 virtutis,
1264 3111 1267 3118 -

413 3171 606 3241 Observatcr
628 3172 780 3253 caritatis,
804 3173 933 3238 initium
955 3172 1078 3252 salutis,
1119 3171 1124 3186 '

411 3276 562 3345 Omnium
584 3275 838 3343 christicolarum
861 3280 893 3341 et
915 3275 1036 3342 Christi
1058 3276 1253 3360 pedagogus,

321 3368 325 3375 ’
411 3378 518 3464 Atque
540 3403 674 3465 sponsus
697 3381 833 3466 virginis
855 3380 957 3449 Maria
979 3382 1151 3467 gratiosus,

335 3505 386 3542 ⁷⁸⁶0
411 3484 568 3569 Sponsam
590 3509 680 3553 suam
705 3486 863 3573 virginem
884 3487 1021 3552 Mariam
1043 3508 1115 3552 cum
1137 3486 1277 3563 vidisset,

411 3591 502 3667 Quod
524 3614 596 3657 cum
618 3596 711 3659 tanta
731 3593 837 3678 gloria
858 3593 941 3658 celos
963 3592 1163 3672 ascendisset,

412 3696 590 3762 Exultabat
611 3696 750 3762 iubilans
773 3702 805 3762 et
827 3696 1033 3781 tripudiabat,

412 3800 630 3867 Benedicendo
652 3801 815 3869 dominum
838 3802 944 3869 dicens
967 3801 1180 3869 exclamabat:
1224 3848 1227 3855 .

413 3903 532 3969 ›Eccel
555 3928 626 3970 mea
648 3907 787 3987 domina,
809 3929 880 3975 mea
901 3908 1051 3992 speciosa,

334 4029 385 4067 raca
413 4010 485 4075 Mea
507 4011 706 4093 venerabilis,
729 4035 801 4081 mea
822 4012 966 4099 gratiosa

412 4114 535 4200 Sponsa
556 4116 643 4181 venit
664 4118 702 4183 de
724 4119 869 4187 terrestri
893 4116 1093 4185 habitatione

412 4220 492 4285 Cum
514 4221 654 4306 corporis
677 4225 709 4287 et
731 4225 836 4293 anime
858 4223 1100 4310 glorificatione.

413 4325 480 4390 Hec
503 4330 552 4391 est
572 4327 629 4392 illa
651 4328 740 4393 cuius
763 4352 850 4399 eram
873 4334 979 4395 custos
1002 4330 1169 4409 castitatis,

412 4431 456 4499 Et
478 4436 582 4497 rector
603 4432 765 4520 pudicitie,
788 4455 842 4501 seu
866 4433 1080 4525 virginitatis3
