3000 5125
489 325 704 518 '4⁷

267 583 381 669 Neque
402 586 532 667 propter
554 587 775 668 paupertatem
798 593 988 668 quemquam
1011 586 1079 669 ipse
1100 586 1229 671 sprevit.

190 707 243 744 1220
271 689 439 773 Pauperes,
462 692 499 752 ut
521 689 645 769 divites,
669 690 824 774 equaliter
844 689 964 768 dilexit,

148 811 155 823 '
231 784 232 787 ¹
268 792 336 859 Neo
357 796 487 878 propter
509 794 648 859 defectus
676 816 749 859 auos
773 795 912 879 aliquem
934 794 1086 880 despexit.

269 898 343 964 Non
365 899 530 984 superbae,
553 922 619 964 non
633 900 753 979 elatus,
776 921 840 964 non
862 900 1048 965 ambitiosus

272 1004 357 1084 Fuit,
380 1026 482 1089 neque
503 1005 655 1084 tumidus,
679 1028 735 1070 neo
758 1028 839 1070 vane
861 1005 1029 1090 gloriosus.

272 1109 332 1175 Sed
354 1110 496 1190 humilis,
519 1111 666 1176 amabilis
688 1111 751 1176 fuit
773 1115 805 1175 et
826 1112 997 1191 modestus,

192 1234 246 1272 122⁶
272 1215 452 1294 Plaoabilis,
475 1215 613 1280 affabilis
635 1215 698 1279 fuit
721 1218 753 1280 et
774 1215 945 1294 honestus3

268 1318 338 1384 Neo
358 1319 495 1398 invidus,
518 1341 576 1384 neo
598 1319 740 1396 callidus,
765 1341 823 1383 nee
845 1320 1046 1403 suspiciosus,

268 1424 337 1490 Neo
358 1447 460 1504 sevus,
483 1447 541 1490 nec
562 1424 731 1489 malivolus
753 1424 816 1489 fuit
838 1446 896 1489 neo
919 1424 1061 1502 dolosus3

270 1528 330 1594 Sed
350 1530 509 1616 benignus
532 1535 627 1615 atque
648 1530 746 1609 mitis,
769 1530 922 1614 placidus,
945 1531 1098 1595 iocundus

268 1634 344 1699 Fuit
366 1635 608 1715 attractabilis,
631 1658 755 1720 semper
777 1637 870 1701 oorde
892 1636 1048 1712 mundua;

193 1757 246 1795 12⁸0
272 1739 339 1804 Neo
361 1745 467 1820 tenax,
490 1763 591 1825 neque
614 1741 746 1825 cupidus
768 1740 841 1820 luit,
864 1763 921 1806 neo
943 1764 1067 1823 avarus,

271 1842 333 1910 Sed
353 1845 473 1931 largus,
496 1846 578 1930 pius,
601 1845 712 1910 hilaris
735 1850 804 1911 erat
825 1847 875 1911 dei
897 1868 998 1914 carus.

110 2146 220 2231 Quod
249 2147 274 2219 J
277 2148 389 2243 eseph
417 2148 524 2221 venit
560 2149 608 2221 ad
642 2151 824 2243 templum
855 2131 901 2223 'et
928 2151 1026 2243 quod
1053 2152 1159 2245 virga
1185 2154 1263 2227 eius

492 2294 494 2298 ’
529 2323 536 2340 .
617 2272 756 2345 floruit.

272 2480 445 2567 Postquam
468 2501 542 2545 vero
565 2480 742 2548 sacerdotes
764 2478 847 2542 hano
870 2501 979 2544 vocem
1003 2482 1206 2563 audivissent,

273 2588 317 2653 Et
338 2587 377 2652 de
398 2586 520 2672 Joseph
543 2609 634 2651 servo
657 2585 707 2650 dei
729 2586 808 2650 certi
829 2586 895 2650 iam
917 2586 1063 2667 luissent,

274 2691 415 2757 Nuntios
436 2693 471 2757 in
493 2692 683 2757 Bethlehem
705 2690 792 2755 illioo
815 2691 979 2770 miserunt,

195 2816 248 2854 123⁶
275 2798 322 2864 Ut
343 2797 464 2883 Joseph
487 2798 521 2862 in
543 2796 720 2863 Jerusalem
743 2796 875 2876 veniret,
898 2796 1139 2878 mandaverunt,

274 2896 381 2988 Atque
402 2903 558 2988 templum
580 2901 758 2967 Salomonis
781 2903 909 2967 veniens
930 2902 1075 2982 intraret,

272 3004 311 3071 ln
332 3029 429 3072 manu
451 3030 509 3072 sua
533 3008 673 3073 baiolans
696 3007 822 3093 virgam
844 3011 1036 3091 apportaret.

271 3111 393 3197 Joseph
415 3118 522 3178 antem
543 3113 625 3177 siout
647 3113 749 3178 iustus
772 3113 882 3177 statim
904 3114 1054 3192 obedivit,

272 3217 318 3283 Et
340 3219 469 3283 veniens
491 3216 669 3283 Jerusalem
689 3218 845 3302 templum
867 3217 1032 3297 introivit3

194 3341 247 3378 12⁴⁰
272 3321 311 3388 In
333 3342 432 3387 mann
452 3345 510 3387 aua
531 3322 674 3387 baiolans
697 3324 823 3408 virgam
845 3323 1037 3408 apportavit,

273 3426 374 3503 Quam
398 3428 438 3493 ad
460 3428 576 3492 summi
598 3429 770 3493 sacerdotis
791 3451 904 3494 manus
928 3431 1132 3514 presentavit.

273 3533 351 3598 Mox
373 3536 410 3598 ut
431 3534 586 3618 templum
609 3533 787 3599 Salomonis
810 3533 930 3619 Joseph
952 3533 1013 3599 hoo
1035 3535 1178 3616 intravit,

274 3636 386 3722 Virga,
410 3660 506 3722 quam
528 3638 562 3701 in
583 3660 680 3702 mann
704 3658 762 3702 sua
783 3639 892 3724 gessit,
915 3639 1088 3723 pullulavit

273 3744 452 3809 Frondibns
474 3747 507 3809 et
528 3744 671 3824 floribus,
698 3745 817 3829 populo
840 3748 1012 3828 spectante,

193 3869 249 3908 ‘12⁴⁶
274 3850 319 3916 Et
341 3850 378 3915 de
401 3850 486 3935 signi
507 3850 651 3915 novitate
674 3850 765 3915 deum
788 3851 997 3915 collaudante.

273 3954 394 4040 Joseph
415 3954 571 4038 templum
594 3954 713 4019 domini
734 3953 800 4017 iam
822 3954 1027 4040 ingrediente,

273 4061 431 4127 Universo
454 4058 629 4125 Judeorum
651 4060 769 4144 populo
792 4060 927 4140 vidente,

274 4167 453 4232 Frondibus
474 4169 522 4231 est
545 4165 676 4230 floribus
700 4166 792 4251 virga
815 4166 995 4249 pullulavit,

273 4273 376 4350 Quam
398 4272 519 4336 aridam
540 4272 575 4336 in
597 4272 744 4337 manibus
766 4271 843 4336 illue
866 4273 1058 4356 apportavit,

195 4398 247 4436 raso
273 4377 446 4463 Postquam
469 4377 509 4442 ad
530 4377 696 4461 pontifices
717 4400 849 4442 manum
872 4400 942 4442 eam
964 4378 1061 4458 dedit,

273 4483 472 4550 Descendens
495 4487 622 4548 sanetus
645 4483 777 4568 spiritus
797 4484 833 4547 in
855 4484 926 4567 ipsa
947 4483 1040 4568 virga
1062 4484 1143 4548 sedit
