3000 5125
767 395 809 462 62

292 592 344 632 1⁶³⁶
371 573 451 641 Eius
473 574 686 640 miserationis
709 574 792 639 sicut
814 577 862 639 est
885 577 1021 638 testatus

369 681 422 746 Ad
443 684 567 765 patrem
590 681 735 743 nostrum
758 677 924 742 Abraham
947 681 980 741 et
1002 676 1078 740 filiis
1100 675 1211 760 ipsius,

369 785 455 851 Nam
478 787 579 850 bonus
602 787 635 849 et
656 783 835 847 misericors
857 784 945 847 mitis
968 786 1070 847 estet
1092 781 1173 865 pius.

327 1105 432 1191 Quod
459 1103 601 1198 Joseph
628 1102 774 1175 invenit
801 1100 962 1174 Mariam
990 1101 1252 1195 pregnantem.

371 1313 526 1380 Reversus
549 1311 670 1396 Joseph
692 1311 816 1376 invenit
838 1310 974 1376 Mariam
997 1311 1063 1376 iem
1086 1313 1307 1396 pregnantem,

370 1418 415 1483 nt
438 1441 507 1484 eam
529 1417 563 1481 in
587 1421 677 1481 utero
699 1438 834 1501 puerum
856 1420 1045 1503 gestantem.

292 1545 344 1600 nn
371 1522 585 1607 Obstupescit,
608 1522 750 1601 territur,
776 1522 852 1606 quid
875 1521 997 1587 factum
1018 1521 1061 1587 sit
1083 1521 1228 1601 miratur,
1341 1523 1348 1552 ⁸

371 1630 515 1708 Gemens,
539 1628 647 1693 dolens
671 1632 769 1713 atque
791 1629 917 1709 timens,
939 1628 974 1692 in
996 1628 1112 1713 spiritu
1133 1628 1283 1692 turbatur

369 1735 499 1801 1111101
522 1734 626 1799 solum
647 1738 778 1818 propter
800 1756 833 1798 se
855 1738 982 1799 tantum
1005 1734 1221 1813 contristatur,

372 1840 433 1906 Sed
455 1862 514 1925 pro
536 1861 594 1903 sua
617 1839 702 1903 dulci
725 1862 841 1923 sponsa
863 1838 968 1904 Maria
989 1839 1173 1920 tribulatur,

371 1945 450 2011 Cum
473 1968 543 2011 eam
564 1967 638 2009 vere
660 1945 767 2010 scierit
789 1949 910 2010 castam
933 1950 1028 2031 atque
1050 1947 1212 2028 mundam,

294 2069 345 2108 1⁶4⁵
372 2051 523 2117 Nesciens
545 2051 622 2135 quid
644 2050 766 2115 factum
789 2051 832 2115 sit
854 2051 963 2115 videns
985 2050 1068 2117 hanc
1090 2051 1269 2118 fecundam.

370 2155 534 2222 Invocavit
556 2156 729 2221 Dominum
754 2160 791 2221 ut
814 2178 849 2221 eo
874 2161 1009 2222 mortem
1031 2158 1131 2237 daret,

370 2261 432 2327 Vel
455 2262 495 2326 ab
519 2262 579 2326 hoc
603 2262 775 2346 opprobrio
798 2261 862 2326 cito
885 2262 1045 2327 liberaret.

370 2368 522 2433 Dolorem
544 2389 636 2432 snum
660 2370 802 2431 attamen
825 2367 956 2431 nolebat
977 2366 1117 2434 indicare

370 2473 483 2553 Marie,
505 2494 545 2537 ne
567 2495 624 2557 per
645 2472 725 2536 illud
747 2471 831 2536 hanc
853 2471 986 2556 incipiat
1009 2471 1148 2538 turbare.

294 2600 346 2637 1⁰⁶⁰
372 2580 417 2646 111
439 2580 524 2644 cavit
545 2582 699 2662 quantum
724 2577 841 2661 potuit,
863 2599 908 2641 ne
925 2576 1151 2661 publicaretur,

371 2684 422 2750 Ne
444 2707 502 2749 sua
524 2683 624 2747 dulcis
647 2681 751 2746 Maria
773 2682 818 2747 sic
840 2681 1061 2750 infamaretur.

371 2790 434 2855 Pro
457 2790 564 2855 dolore
586 2789 685 2853 nimio
708 2788 851 2853 recedere
873 2787 1010 2869 volebat,

370 2897 415 2962 nt
437 2919 504 2961 eam
529 2895 707 2979 relinquere
728 2894 850 2959 occulte
872 2894 1070 2979 disponebat.

371 3001 521 3066 Dolorem
543 2998 664 3083 Joseph
687 2999 792 3063 Maria
814 3020 1006 3085 cognoscens
1028 3001 1212 3065 consolatur

294 3126 345 3165 1⁰⁶⁶
372 3105 490 3192 Ipsum,
514 3100 586 3171 c'um
610 3104 788 3189 virginibus
811 3103 861 3168 his
885 3108 1005 3188 septem
1028 3103 1089 3169 hoc
1110 3107 1258 3183 testatur,

371 3211 462 3289 Quod
484 3233 541 3295 per
563 3210 655 3273 deum
677 3209 799 3274 factum
821 3210 865 3274 sit
885 3209 920 3273 in
942 3210 1013 3294 ipsa
1036 3210 1120 3294 quod
1142 3208 1300 3288 cernebat,

371 3317 416 3382 Et
438 3317 467 3382 ei
489 3337 546 3400 per
568 3315 710 3380 ordinem
733 3319 848 3380 cuncta
869 3315 1036 3380 referebat.

370 3422 523 3507 Virgines
545 3421 604 3486 hec
626 3421 734 3486 eadem
757 3422 933 3486 narrabant
955 3425 1139 3500 asserentes,

342 3582 346 3588 .
371 3529 473 3594 Marie
495 3526 712 3592 testimonium
735 3526 855 3591 bonum
877 3526 1088 3611 perhibentes,

295 3659 346 3695 uso
371 3634 529 3700 Dicebant
551 3632 652 3698 enim:
680 3633 802 3697 »Maria
824 3632 916 3717 virgo
939 3636 987 3698 est
1009 3637 1041 3697 et
1062 3630 1190 3707 munda,

370 3741 415 3805 nt
437 3744 486 3805 est
508 3762 527 3803 a
549 3742 660 3803 sancto
682 3738 798 3822 spiritu
819 3737 905 3802 facta
927 3759 1011 3802 nunc
1031 3736 1175 3814 fecunda,

372 3847 416 3910 Et
439 3864 604 3929 nunquam
626 3843 668 3908 ab
691 3843 799 3928 aliquo
821 3843 890 3907 viro
912 3843 975 3908 fuit
997 3847 1092 3922 tacta,

372 3950 433 4017 Sed
457 3974 476 4015 a
498 3951 548 4015 dei
570 3950 637 4015 filio
660 3970 820 4036 pregnans
842 3953 909 4013 tarn
931 3953 980 4014 est
1001 3950 1095 4015 facta.

370 4056 415 4122 111
436 4079 559 4141 semper
582 4057 623 4120 ab
646 4055 768 4141 angelis
791 4054 855 4118 fuit
877 4056 1043 4136 custodita,

293 4181 345 4219 100⁶
372 4161 563 4228 Oastitatem'
583 4162 719 4248 diligens
742 4159 885 4226 moribus
908 4165 941 4226 et
963 4162 1051 4239 vita3

372 4268 502 4353 Semper
523 4269 587 4335 fuit
607 4277 811 4354 perseverans
833 4268 868 4332 in
890 4268 1042 4347 oratione,

781 4397 799 4436 *

285 4502 353 4559 1654
371 4499 395 4555 G
415 4499 557 4557 dimittere
575 4500 647 4554 stati
665 4497 831 4569 relinquere.
