3000 5125
784 392 848 464 270

240 567 312 626 Item
331 569 366 627 de
384 569 523 640 responsis
541 570 690 629 11001042.

238 658 316 724 Quod
335 658 491 715 sacerdotes
509 660 678 715 invenerunt
696 660 843 717 consilium
860 660 928 729 quid
947 660 1073 715 facerent
1091 660 1126 716 de
1145 660 1236 716 Maria
1254 662 1298 714 43.

237 748 278 802 170
296 747 450 816 Jndeoqui
469 746 608 814 allegavit
626 765 676 817 pro
694 747 780 803 beata
799 746 907 816 virgine
928 748 971 802 43.
1055 810 1060 821 Ι

239 835 316 899 Quod
336 833 492 888 sacerdotes
510 836 672 889 statuerunt
689 834 825 889 ieiunium
844 853 895 907 pro
914 835 1023 905 virgine
1042 836 1133 892 Maria
1150 839 1193 892 44.

237 923 277 977 170
295 938 361 978 vooe
378 938 432 991 que
449 921 535 976 fiebat
553 921 584 975 in
600 922 708 992 templo
725 923 874 979 osteudens
892 922 954 992 quis
972 923 1075 993 dignus
1094 927 1167 979 esset
1183 923 1316 994 coniugio
1332 923 1397 979 vir·

309 1008 384 1080 ginis
403 1008 491 1063 Mario
509 1009 551 1063 44.

200 1127 204 1133 ·
237 1097 278 1152 170
295 1096 535 1153 commendatione
554 1097 655 1167 Joseph
674 1098 769 1169 sponsi
788 1096 876 1153 Marie
894 1099 937 1152 45.

236 1184 314 1250 Quod
332 1184 432 1253 Joseph
452 1184 531 1239 venit
550 1184 586 1238 ad
606 1185 745 1255 templum
762 1187 791 1240 et
808 1184 882 1254 quod
900 1186 983 1255 virga
1002 1186 1060 1241 eius
1077 1187 1173 1244 floruit
1190 1188 1234 1243 47.

239 1271 317 1337 Quod
331 1272 539 1327 mandaverunt
552 1272 708 1329 sacerdotes
716 1273 818 1343 Josoph
831 1275 864 1326 ut
874 1272 993 1328 Mariam
1005 1274 1035 1328 in
1047 1274 1192 1344 coniugem
1210 1274 1329 1329 duceret
1349 1274 1401 1328 48.

237 1362 276 1415 De
293 1359 420 1415 oratione
437 1359 539 1429 Josoph
557 1376 622 1414 cum
639 1362 785 1430 cogeretur
805 1358 927 1414 Mariam
945 1359 1047 1415 ducere
1064 1360 1094 1413 in
1112 1375 1228 1417 uxorem
1244 1354 1287 1414 49.

236 1447 314 1514 Quod
331 1447 449 1518 angelus
466 1446 645 1504 confortabat
662 1447 766 1518 ioseph
784 1449 814 1501 et
831 1446 999 1502 hortabatur
1009 1447 1130 1502 Mariam
1147 1446 1247 1502 ducere
1264 1446 1295 1502 in
1315 1465 1393 1504 uxo·

306 1552 366 1590 rem
383 1537 427 1590 49.
682 1548 687 1558 ·
991 1532 994 1538 ’

236 1623 277 1678 170
294 1622 421 1678 oratione
434 1622 521 1678 biario
533 1622 651 1693 virginis
662 1640 725 1678 aum
743 1624 890 1692 cogeretur
902 1621 1006 1691 Josoph
1025 1622 1124 1678 ducere
1140 1623 1171 1678 in
1189 1640 1324 1694 sponsam
1345 1622 1392 1676 50.

236 1710 313 1775 Quod
333 1709 450 1780 angelus
468 1710 667 1766 consolabatur
685 1709 808 1764 Mariam
827 1710 868 1763 51.

236 1798 314 1863 Quod
332 1797 424 1853 Maria
440 1797 625 1867 desponsatur
643 1797 746 1867 Joseph
767 1798 809 1853 53.

235 1885 313 1951 Quod
331 1886 486 1941 sacerdotes
503 1884 638 1939 miserunt
658 1885 778 1939 Mariam
799 1885 830 1939 in
847 1879 992 1939 Nazareth
1010 1887 1053 1941 53.
1153 1887 1156 1894 “

236 1971 314 2037 Quod
331 1973 427 2042 angeli
444 1972 606 2041 frequenter
625 1970 814 2026 visitaverunt
833 1971 953 2027 Mariam
972 1972 1018 2027 53.

730 2164 763 2230 ΙΙ
785 2165 879 2231 buoh.

235 2323 356 2395 Explicit
374 2322 446 2378 liber
464 2322 570 2395 primus
588 2322 622 2377 de
641 2323 701 2376 vita
719 2321 838 2391 gloriose
857 2320 975 2390 virginis
993 2319 1090 2380 Maria.
1127 2322 1231 2392 Incipit
1248 2322 1388 2392 prologus

304 2412 335 2466 in
352 2411 501 2470 secundum
521 2412 563 2464 57.

235 2498 356 2570 Explicit
373 2498 513 2569 prologus.
550 2497 652 2568 Incipit
669 2497 739 2552 liber
758 2497 893 2551 secundus
913 2496 956 2551 58.

235 2587 275 2641 170
293 2585 509 2642 annuntiatione
527 2587 611 2640 beate
629 2584 747 2655 virginis
768 2584 855 2639 Maria
874 2583 917 2639 58.

236 2674 311 2739 Quod
330 2673 404 2728 filius
420 2660 465 2726 dei
483 2672 604 2727 intravit
624 2672 653 2725 in
673 2675 785 2726 uterum
804 2671 924 2741 virginis
943 2671 1039 2726 Maria.

235 2761 312 2827 Quod
331 2760 424 2815 Maria
441 2760 566 2815 ascendit
585 2761 622 2814 ad
640 2760 754 2816 domum
773 2759 905 2814 Zacharia
923 2760 953 2813 et
969 2758 1113 2813 Elisabeth
1131 2763 1254 2830 cognate
1271 2778 1321 2815 sue
1338 2762 1380 2818 66.

236 2847 383 2904 (lautianm
402 2848 489 2903 Maria
508 2847 627 2916 virginis
645 2850 686 2903 61.

234 2936 312 3002 Quod
330 2935 432 3005 Joseph
449 2933 558 2990 invenit
577 2935 697 2989 Mariam
716 2937 902 3006 pregnantem
920 2936 962 2991 62.

233 3022 311 3089 Quod
328 3023 431 3091 Joseph
449 3023 563 3079 volebat
581 3022 688 3078 occulte
706 3022 850 3077 dimittere
870 3021 991 3076 Mariam
1010 3022 1052 3076 63.

235 3108 275 3165 170
292 3112 370 3164 06060
388 3109 506 3180 virginis
523 3112 587 3179 post
605 3110 811 3179 conceptionem
830 3111 870 3165 64.

235 3198 275 3253 170
293 3197 447 3253 nativitate
464 3198 515 3251 filii
534 3198 578 3253 dei
598 3200 638 3252 64.

235 3287 275 3340 170
292 3285 488 3341 obstetricibus
506 3285 625 3355 virginis
645 3284 730 3339 Maria
748 3285 791 3340 66.

234 3372 313 3438 Quod
331 3372 423 3427 Maria
440 3372 534 3442 posuit
551 3389 669 3442 puerum
685 3372 716 3426 in
734 3372 860 3442 presepio
878 3375 920 3427 67.

234 3460 380 3515 Canticum
397 3460 500 3530 Joseph
517 3459 548 3514 in
566 3459 750 3515 nativitatem
768 3460 872 3515 Christi
892 3462 934 3515 67.

236 3550 274 3604 [70
292 3548 451 3620 signisque
470 3548 576 3603 fiebant
594 3548 624 3601 in
641 3548 825 3603 nativitatem
844 3546 950 3602 christi
969 3551 1012 3605 69.

231 3636 275 3692 ·De
293 3635 380 3706 signis
398 3653 451 3705 que
469 3635 576 3691 fiebant
592 3652 643 3705 per
662 3638 752 3691 totum
773 3635 909 3690 mundum
928 3636 959 3689 iu
977 3636 1161 3691 nativitatem
1183 3635 1287 3690 Christi
1306 3636 1348 3690 70.

234 3724 311 3789 Quod
323 3724 427 3793 Josoph
444 3724 541 3779 eduxit
554 3724 673 3778 Mariam
691 3723 726 3778 de
743 3723 896 3779 diversorio
914 3724 944 3777 in
963 3741 1018 3793 quo
1036 3727 1122 3779 natus
1139 3725 1182 3778 est
1194 3722 1323 3777 Christus
1341 3721 1381 3775 74.

234 3810 275 3866 170
293 3810 498 3867 00000010000
516 3811 581 3867 1000
601 3815 644 3868 74,

234 3898 275 3953 170
292 3892 417 3953 adventu
435 3916 582 3968 magorum
599 3902 629 3955 in
648 3900 802 3956 Jerusalem
820 3901 863 3956 74.

234 3987 275 4042 170
293 3986 487 4058 purificatione
507 3988 625 4058 virginis
643 3990 731 4043 Marie
749 3992 792 4045 76.

234 4073 311 4139 Quod
330 4075 447 4144 augelus
465 4075 589 4145 precepit
607 4076 710 4147 Josoph
726 4079 800 4146 quod
821 4078 933 4148 fugeret
950 4078 981 4132 in
1001 4079 1143 4148 Egyptum
1161 4076 1203 4131 76.

234 4163 274 4219 170
292 4163 361 4233 fuga
379 4163 483 4234 Josoph
500 4164 530 4218 in
548 4164 691 4234 Egyptum
707 4182 770 4219 oum
788 4183 874 4236 puero
892 4167 972 4222 Jasus
991 4168 1020 4221 et
1038 4166 1129 4219 matre
1147 4162 1205 4217 eius
1224 4164 1268 4216 77.

235 4251 275 4306 170
294 4250 381 4321 signis
399 4269 454 4320 qua
471 4251 594 4307 faciebat
612 4251 690 4307 Jesus
708 4269 758 4322 per
776 4254 852 4308 viam
870 4271 934 4310 cum
952 4253 1064 4323 fugeret
1081 4253 1111 4306 in
1130 4252 1274 4320 Egyptum
1292 4250 1335 4304 77.

234 4337 312 4403 Quod
330 4341 469 4394 venerunt
487 4339 525 4394 ad
543 4340 704 4410 speluncam
723 4341 866 4396 latromm
884 4343 930 4396 78.

234 4426 358 4487 Deseris
376 4443 430 4499 que
448 4429 629 4483 occurrerunt
646 4427 712 4483 Jesu
731 4427 773 4483 78.
