3000 5125
774 389 816 461 32

337 635 341 648 ,
376 566 438 638 Sed
460 575 529 638 erat
550 571 712 650 tornatile,
735 570 847 635 decens
871 574 903 635 et
926 575 1082 647 erectum;

377 677 491 763 Neque
512 678 575 742 fuit
598 677 726 762 gracile,
748 698 806 741 uec
828 676 929 741 macie
950 676 1146 752 confectum

379 785 429 848 Ad
453 784 581 848 modurn
605 782 668 846 fuit
690 782 832 846 debitum
855 782 988 869 longum
1011 785 1044 846 et
1066 782 1234 859 decorum3
1275 805 1279 814 ·

313 908 351 945 aa
378 888 446 954 Nee
469 889 643 973 apparebat
665 889 699 951 in
722 910 759 952 eo
782 886 966 952 deformitas
988 908 1169 952 nervorum.

378 991 515 1058 Pulchre
536 1016 650 1058 manus
671 994 737 1057 cius
760 996 852 1057 erant
875 992 1074 1078 multumque
1096 993 1250 1072 decentes,

379 1096 509 1182 Semper
530 1098 782 1163 incontaminate
803 1098 982 1183 mundeque
1004 1101 1238 1183 permanentes,

378 1201 548 1268 Flexibiles
570 1208 602 1267 et
624 1201 748 1267 habiles
772 1202 812 1267 ad
835 1202 944 1266 omnia
966 1202 1096 1267 virtutis

379 1306 493 1391 Opera,
517 1329 581 1372 nou
604 1328 728 1392 segnes·
742 1329 893 1391 uuquam,
917 1306 970 1372 sed
993 1312 1141 1392 prompte
1164 1309 1337 1373 servitutis.

315 1430 353 1467 ⁷⁴⁶
380 1411 484 1497 Digiti
507 1413 680 1477 turuabiles
702 1416 795 1476 erant
817 1416 914 1497 atque
935 1413 1024 1493 recti,
1090 1461 1095 1474 ,

378 1515 462 1581 Satis
485 1517 583 1602 longi,
607 1517 751 1603 graciles,
776 1519 888 1582 scabro
910 1541 975 1583 non
996 1518 1117 1583 infecti.

379 1619 511 1708 Ungues
534 1624 602 1688 sine
624 1623 770 1688 sordibus
792 1621 965 1706 magnique
987 1621 1108 1687 decoris

380 1726 483 1791 Erant
505 1730 537 1791 et
560 1728 679 1811 precise
700 1747 824 1810 semper
846 1726 997 1810 onychini
1019 1726 1175 1792 candoris.

380 1831 499 1895 Planus
522 1836 554 1896 et
576 1832 768 1916 compositus
792 1831 858 1895 eius
882 1834 950 1895 erat
971 1853 1108 1916 gressus,

320 1957 357 1994 uu
384 1937 492 2022 Atque
512 1937 648 2001 multum
671 1936 799 2001 curialis
821 1936 921 2018 ipsius
943 1936 1093 2015 incessus,

383 2042 495 2128 Neque
517 2044 733 2127 velux‘ueque
757 2063 887 2126 preceps
909 2040 973 2105 fuit
995 2041 1198 2121 ambulando,

382 2147 474 2213 Nihil
497 2147 581 2212 enim
604 2147 778 2232 peragebat
800 2146 896 2210 nimis
918 2145 1119 2221 festinando,

379 2253 491 2339 Neque
514 2260 620 2318 tamen
643 2254 735 2317 tarda
758 2253 822 2317 fuit
843 2253 898 2317 sed
920 2251 1055 2316 nimium
1078 2253 1218 2318 modeste

382 2358 558 2434 Incedebat,
584 2357 770 2422 ambulabat
792 2357 938 2422 decenter
960 2360 993 2422 et
1014 2356 1164 2435 honeste3

314 2483 353 2522 ⁷⁶⁶
381 2464 495 2528 Erecta
517 2486 642 2529 sursum
664 2465 835 2548 procedens
858 2485 981 2548 semper
1003 2462 1198 2543 ambulabat,

382 2571 427 2635 Et
450 2572 595 2636 decenter
618 2574 713 2654 caput
736 2570 803 2634 eius
827 2592 940 2654 parum
962 2569 1148 2647 inclinabat,

383 2675 428 2741 Ut
451 2676 580 2759 pudicas
602 2676 742 2760 virgines
766 2676 854 2740 decet
877 2674 1041 2740 ambulare

384 2780 452 2856 Que
474 2802 538 2845 nun
561 2779 665 2857 solent
688 2779 822 2843 nimium
845 2780 998 2844 cervicem
1021 2779 1163 2858 elevare3

383 2883 468 2949 Nam
491 2884 593 2948 omnis
616 2887 721 2948 mutus
744 2885 889 2969 virginis,
913 2881 1052 2950 incessus
1075 2889 1171 2970 atque
1193 2889 1307 2965 status,

316 3009 355 3047 που
383 2989 504 3054 Decens
528 2994 597 3053 erat
618 2994 650 3053 et
672 2989 815 3073 pudicus,
838 3011 875 3054 ac
898 2990 1127 3075 disciplinatus.

477 3305 531 3382 De
559 3308 777 3404 eloquentia
804 3309 958 3405 virginis
985 3309 1114 3385 Marie.

330 3560 333 3563 -
381 3515 460 3582 llius
483 3539 544 3582 vox
567 3517 731 3582 dulcisona
753 3517 817 3582 fuit
839 3521 872 3582 et
894 3540 1014 3592 serena,

386 3621 517 3702 Seuera,
541 3622 747 3701 delectabilis,
771 3621 872 3686 duulcis
894 3626 927 3686 et
949 3644 1071 3702 amena,

385 3726 596 3792 suavissimus
619 3727 780 3793 anhelitus
803 3728 865 3791 fuit
888 3728 954 3793 eius
977 3729 1051 3808 cris,

382 3832 481 3898 ,Velut
504 3833 706 3912 aromaticus,
730 3834 844 3918 optimi
867 3834 982 3900 odoris.
1316 3916 1321 3930 ι

318 3957 359 3995 ⁷⁰⁶
386 3938 546 4023 linguam
568 3937 663 4002 nimis
686 3939 865 4022 expeditam
888 3944 920 4003 ct
943 3940 1079 4004 multum
1106 3941 1307 4024 eloquentem

384 4041 509 4107 Habuit
531 4047 563 4107 et
584 4044 761 4128 gratiosam
784 4049 816 4108 et
838 4044 918 4110 bene
939 4044 1197 4129 complacentem.

383 4145 556 4212 Pulchrum
580 4171 655 4213 nam
678 4148 838 4235 eloquium
862 4150 929 4215 eius
952 4154 984 4216 et
1006 4150 1177 4215 iucundum

355 4330 360 4341 ¹
382 4251 468 4333 Fuit,
493 4258 590 4339 atque
611 4255 776 4339 placitum,
800 4256 931 4340 planum
955 4260 988 4322 et
1009 4256 1182 4321 facundum

383 4356 509 4424 Diffusa
531 4360 595 4425 fuit
616 4361 778 4447 gratia¹<in
801 4361 898 4427 labiis
920 4362 1039 4447 ipsius,

318 4483 356 4525 ⁷70
384 4463 495 4533 Omnis
518 4488 621 4533 sermo
644 4490 719 4532 suus
742 4472 812 4532 erat
834 4468 971 4552 prudens
995 4471 1092 4552 atque
1114 4466 1197 4550 pius,
