3000 5125
729 381 769 459 71

331 557 416 629 Nam
438 563 574 630 iusserat
596 563 770 649 imaginem
793 524 894 648 ipsius
917 560 1082 648 preparari

333 670 377 735 Et
399 693 455 753 per
475 670 630 735 mundum
652 671 735 734 sicut
758 669 851 734 deum
873 691 907 734 se
929 667 1006 736 fecit
1028 669 1163 736 adorari.

333 773 423 839 Hora
444 775 571 859 quando
593 775 679 840 lilius
702 775 752 840 dei
774 778 869 839 natus
890 774 963 852 fuit,
1027 789 1037 799 '

250 896 307 934 1⁹⁸⁶
336 878 399 944 Mel
421 902 477 965 per
499 880 681 946 universum
705 880 858 944 mundum
880 883 1115 964 superterram
1137 878 1240 963 pluit3

335 983 419 1051 Nam
441 984 520 1052 facti
542 991 617 1052 sunt
637 987 785 1053 melliflui
806 1009 861 1071 per
883 990 990 1050 totum
1013 984 1166 1050 mundum
1188 984 1247 1049 celi
1383 1033 1388 1045 .

330 1089 451 1155 Dentes
473 1092 693 1156 testimonium
715 1091 823 1175 partui
844 1090 940 1155 fideli.

332 1195 393 1261 Per
415 1200 519 1261 totum
541 1198 695 1262 mundum
717 1196 851 1263 flumina
872 1199 986 1261 cuncta
1007 1194 1220 1260 substiterunt

280 1379 283 1384 ,
330 1300 447 1366 Tribus
469 1301 557 1368 horis
580 1323 637 1367 nec
658 1303 699 1367 ad
721 1303 786 1367 ima
808 1302 934 1367 fluendo
957 1300 1194 1366 descenderunt.

247 1426 303 1463 1⁹⁴⁰
330 1405 447 1472 Omnes
469 1407 636 1471 subitanea
656 1411 759 1472 morte
781 1408 971 1486 moriuntur,

329 1512 367 1577 In
390 1510 599 1578 Sodomorum
621 1512 703 1577 vicio
725 1513 781 1597 qui
803 1517 880 1578 tunc
901 1513 1112 1597 reperiuntur.

327 1616 389 1682 Illa
411 1622 503 1682 nocte
524 1621 615 1683 vetus
638 1618 734 1683 archa
757 1619 1001 1702 quondamque
1024 1618 1139 1683 resedit

327 1721 366 1787 In
389 1723 549 1788 montibus
572 1723 725 1789 Armenia
748 1723 871 1788 mistice
894 1727 971 1787 tunc
993 1723 1079 1790 dedit
1247 1723 1251 1732 '

329 1826 450 1893 Verum
472 1813 691 1894 testimonium
713 1829 840 1894 florenti
862 1828 1004 1896 trinitati

229 1950 302 1988 41141
328 1932 366 1998 In
388 1931 464 1998 Jesu
488 1921 538 1999 dei
560 1935 627 1999 filio
650 1935 689 1999 da
710 1934 815 2000 Maria
836 1933 922 2011 nati;

328 2036 414 2103 Nam
437 2060 475 2103 ex
497 2060 535 2104 ea
556 2040 620 2104 tria
641 2038 732 2123 ligna
753 2038 815 2102 hac
837 2042 929 2102 nocte
951 2037 1128 2116 viruerunt,

326 2141 454 2222 Remos,
477 2143 605 2209 frondes
629 2148 724 2229 atque
746 2144 840 2208 flores
862 2165 934 2207 oum
957 2141 1066 2206 fructu
1088 2142 1299 2227 protulerunt.

307 2248 385 2330 ,nst
407 2247 597 2315 Fidenatum
619 2250 732 2314 civitas
755 2251 789 2313 in
813 2271 875 2333 que
896 2270 1095 2334 paganorum

325 2352 489 2419 Simul-ad
511 2355 734 2439 spectaculum,
757 2355 843 2439 quod
864 2331 1079 2441 gladiatorum
1197 2343 1200 2350 ’

248 2477 299 2516 raso
325 2459 461 2539 Dicitur,
484 2465 561 2525 tunc
583 2460 672 2525 milia
695 2460 812 2545 viginti
835 2464 1061 2539 convenerunt,

310 2564 385 2651 ,Qui
407 2566 504 2631 simul
526 2566 572 2631 ibi
594 2566 701 2631 subita
720 2573 825 2631 morte
846 2566 1019 2649 perierunt.

323 2669 392 2735 Hac
413 2670 493 2735 hora
514 2670 600 2736 facta
622 2671 777 2756 grandine
798 2672 832 2736 in
853 2670 990 2737 barbara
1007 2670 1107 2756 Ryzia

322 2773 447 2843 Gecedit
469 2799 508 2842 ex
530 2777 637 2842 ethere
658 2778 795 2861 quedam
816 2777 929 2856 iconia,

321 2879 469 2947 Formam
492 2882 611 2947 habens
635 2882 769 2967 virginis
791 2883 824 2946 in
847 2882 986 2949 brachiis
1007 2882 1163 2949 infantem

244 3003 296 3041 1⁹⁶⁵
323 2983 517 3051 coronatum
538 2987 642 3072 capite
663 3009 721 3053 suo
742 2988 948 3065 baiulantem,

321 3089 417 3156 Cuius
438 3097 522 3159 esset
543 3093 600 3161 heo
622 3094 730 3179 imago
752 3095 885 3158 materie
909 3093 959 3157 vel
981 3095 1037 3173 rei,

320 3195 422 3263 Nemo
445 3199 538 3263 scivit
560 3198 623 3263 nisi
644 3197 728 3263 foret
749 3198 833 3263 forte
854 3198 987 3283 glaciei,

323 3301 443 3368 Tamen
466 3325 532 3369 non
555 3304 595 3367 ab
618 3304 726 3388 aliquo
749 3303 854 3367 calore
876 3303 1060 3368 solvebatur

318 3405 381 3472 Sed
403 3410 436 3472 in
459 3409 528 3473 luto
551 3409 655 3492 posita
676 3409 731 3476 diu
753 3408 950 3486 servabatur,

242 3533 294 3569 1⁰⁶0
322 3511 387 3578 Ubi
409 3535 488 3599 gens
513 3514 677 3578 barbarica
699 3513 832 3583 delubra
853 3513 988 3592 uolebat,

296 3670 299 3675 ,
319 3617 396 3684 Post
417 3620 554 3705 triginta
576 3619 654 3685 duos
678 3641 777 3684 annos
800 3622 877 3683 tunc
898 3619 1087 3702 liquifiebat

319 3722 380 3788 Per
401 3724 543 3809 illudque
566 3724 743 3788 misterium
764 3723 992 3787 incarnationis

315 3828 465 3919 Congrue
488 3829 676 3894 describitur
698 3837 794 3912 atque
816 3827 982 3912 passionis,

319 3934 451 4010 Quando
473 3934 661 4019 liquefactus
684 3938 733 3999 est
754 3933 866 3998 Jesum
889 3933 1037 4017 patiendo

240 4060 290 4096 uuo
318 4038 525 4125 Virginisque
547 4040 678 4123 spiritus
701 4040 734 4103 in
758 4039 986 4122 compatiendo.

319 4142 418 4209 Rome
441 4145 595 4228 templum
616 4145 737 4209 corruit
757 4142 848 4208 Pacis
871 4145 1075 4228 appellatum,

316 4249 364 4315 De
386 4271 449 4334 quo
472 4250 566 4349 longe
588 4250 693 4315 fuerat
714 4254 790 4314 ante
812 4249 1051 4337 prophetatum,

724 4390 742 4437 ²l‘

231 4478 298 4539 1952
317 4476 341 4537 G
359 4477 417 4536 und
437 4478 455 4530 Ζ
473 4478 559 4537 rusia,
