3000 5125
682 389 931 462 29·.

286 564 375 636 Sicut
396 569 452 637 lux
474 569 507 637 in
530 574 670 639 tenebris
693 575 781 639 velut
802 573 837 638 in
860 576 951 640 nocte
974 571 1076 654 stella,

286 672 337 742 Sic
359 677 452 742 fulsit
475 679 560 744 inter
582 685 700 745 ceteras
723 680 846 745 sodales
871 681 929 745 hcc
951 682 1068 765 puella.

219 800 263 837 σεῦ
292 779 381 847 Siout
402 783 487 847 inter
510 784 614 849 sidera
636 785 740 870 fulget
762 786 856 869 plena
878 786 965 864 luna,

290 885 341 951 Sic
364 888 448 952 luxit
471 888 556 953 inter
578 890 717 974 reliquas
740 891 881 975 virgines
903 890 961 955 hec
983 914 1057 955 una.

288 992 343 1058 Sol
367 994 458 1058 utin
482 995 663 1060 vernalibus
687 996 797 1061 diebus
820 996 1017 1075 coruscabat,
1083 1070 1087 1078 ¹

285 1098 336 1164 Ita
359 1122 415 1183 pre
438 1100 599 1165 sodalibus
622 1099 726 1165 Maria
747 1102 903 1167 radiabat.

285 1201 374 1268 Sicut
396 1204 480 1279 inter
501 1206 608 1290 spinas
631 1206 712 1270 solet
731 1207 889 1291 pullulare
911 1228 993 1286 rosa,

219 1326 259 1362 ⁰40
287 1306 338 1372 Sic
360 1307 469 1373 floruit
491 1332 548 1394 pre
571 1310 682 1376 ceteris
705 1310 810 1375 Maria
832 1312 985 1396 gratiosa.

286 1411 333 1478 Ut
355 1436 411 1496 pre
434 1415 555 1480 cunctis
578 1415 709 1482 floribus
731 1416 836 1481 lilium
859 1416 1028 1494 candescit,

286 1518 336 1583 Sic
359 1519 443 1584 inter
465 1542 573 1584 omnes
598 1520 736 1604 virgines
757 1521 859 1587 Marie
882 1522 950 1586 laus
973 1522 1121 1598 nitescit3

288 1624 368 1689 Erat
390 1626 474 1690 enim
496 1625 637 1705 humilis,
660 1627 798 1710 prudeus
820 1631 852 1692 et
878 1628 1023 1705 discreta,

287 1728 376 1794 Mitis
399 1735 431 1795 et
454 1731 610 1811 amabilis,
633 1732 791 1810 obediens,
814 1737 989 1797 mansueta.

224 1853 263 1889 ⁶⁴⁶
290 1834 370 1899 Erat
392 1835 482 1900 valde
504 1836 629 1920 sapiens
652 1842 684 1901 et
706 1837 918 1921 disciplinata,

289 1939 395 2024 Atque
417 1940 480 2005 luit
502 1941 657 2006 universis
679 1942 854 2006 virtutibus
876 1945 1000 2021 ornata,

287 2045 446 2125 Affabilis,
469 2047 658 2139 tractabilis,
681 2048 769 2112 mitis
792 2052 824 2113 et
846 2047 995 2133 benigna,

286 2150 330 2214 Et
353 2150 568 2216 desiderabilis
592 2174 628 2217 ac
650 2154 737 2217 omni
759 2153 852 2217 laude
874 2153 990 2238 digna:

286 2253 397 2319 Dulcis
420 2261 452 2320 et
473 2257 650 2322 misericors
672 2257 735 2322 fuit
758 2262 790 2323 et
813 2258 937 2336 devota,

223 2375 262 2413 ⁶⁶⁰
289 2357 466 2446 Deditaque
490 2362 636 2426 laudibus
659 2363 775 2427 divinis
798 2367 866 2427 erat
888 2366 967 2441 tota,

286 2462 363 2529 Fuit
385 2489 511 2552 quoque
533 2468 668 2552 sapiens,
691 2468 826 2552 simplex
849 2474 881 2533 et
903 2467 1027 2552 pudica,

287 2571 449 2637 Vitiorum
472 2575 614 2639 or'nnium
637 2575 700 2640 fuit
721 2575 860 2640 inimica.

287 2679 431 2744 Moribus
454 2680 638 2763 composita,
661 2680 835 2745 virtutibus
858 2684 982 2758 ornata,

288 2784 382 2861 Omni
405 2786 499 2868 plena
521 2787 628 2871 gratia
650 2785 714 2851 fuit
737 2787 894 2851 decorata.

222 2908 261 2944 οῦδ
289 2888 444 2956 Omnibus
466 2891 627 2956 sodalibus
650 2914 683 2957 se
708 2891 892 2957 inferiorem

288 2992 482 3080 Reputabat,
506 2997 641 3082 singulis
663 2996 817 3062 exhibens
840 2997 1003 3076 honorem,

289 3101 397 3185 Atque
418 3124 491 3166 cum
513 3102 683 3189 obsequiis,
705 3102 800 3167 sicuti
821 3102 958 3182 valebat,

290 3205 422 3281 Illarum
445 3207 617 3273 amicitiam
640 3207 703 3272 sibi
725 3207 918 3272 attrahebat.

286 3309 438 3397 Ipsasquo
460 3313 598 3378 servitiis
620 3313 740 3378 mutuis
763 3313 923 3397 prevenit;

224 3436 263 3472 sao
291 3415 341 3481 Sic
363 3418 493 3482 illarum
515 3420 658 3485 omnium
679 3419 819 3504 gratiam
842 3418 975 3498 invenit,

286 3521 375 3598 Quod
398 3524 500 3608 ipsam
522 3524 728 3610 singulariter
750 3547 859 3590 omnes
882 3525 1071 3602 dilexerunt,

224 3657 227 3662 ·
288 3629 395 3713 Atque
417 3629 596 3713 specialiter
617 3628 784 3694 laudantes
807 3632 1000 3709 extulerunt,

287 3733 331 3797 Et
353 3757 423 3798 eam
444 3734 478 3796 in
500 3734 640 3799 maxima
662 3735 865 3801 veneratione

285 3836 471 3903 Tenuerunt
493 3845 669 3911 reverentes
692 3863 765 3905 cum
788 3841 999 3906 dilectatione.

693 3970 712 4010 s

199 4081 250 4136 637
269 4078 395 4136 GundZ
413 4079 489 4136 lesen
507 4081 759 4138 innumerabilibus
777 4081 1041 4149 stattvernalibu13
1060 4082 1150 4137 dieser
1168 4082 1278 4137 unrich·

131 4165 211 4238 tigen
230 4168 317 4223 lesart
335 4171 373 4223 ist
391 4170 463 4224 auch
477 4169 607 4225 Walther
628 4188 681 4226 von
700 4170 828 4226 Rheinau
846 4171 965 4241 gefolgt.
