3000 5125
683 367 742 437 181

294 546 407 614 Custos
429 535 525 631 atque
546 545 658 625 socius,
685 546 760 612 deus
784 545 816 611 et
837 549 968 613 creator.

224 661 226 666 ⁴
295 653 389 718 Hunc
411 652 479 718 sola
501 673 576 716 nam
599 656 754 736 genuerat
776 652 843 718 sine
864 653 1004 718 maritali

296 757 472 837 Consortio,
494 757 661 835 nutrierat,
685 755 804 842 absque
826 757 994 842 temporali

208 882 267 920 5555
295 863 450 941 Subsidic,
473 884 545 927 cum
568 862 697 946 proprio
718 884 849 926 manum
871 862 988 941 labore,

296 967 340 1032 Et
362 969 467 1051 ipsum
488 969 676 1033 educaverat
697 971 841 1032 materno
863 988 934 1032 cum
958 990 1072 1035 amore.

296 1073 383 1160 Ergo
404 1074 526 1138 cunctis
548 1073 705 1138 matribus
728 1071 800 1156 plus
823 1072 925 1138 doluit
947 1071 1050 1137 Maria

295 1177 333 1243 ln
355 1178 404 1242 sui
427 1179 585 1265 unigeniti
606 1179 719 1243 mortis
741 1180 867 1263 agonia,

296 1281 396 1359 Quem
418 1281 574 1348 afflictum
597 1283 694 1348 variis
716 1282 878 1367 suppliciis
901 1284 1089 1367 pendentem

212 1406 270 1445 5555
295 1386 334 1452 In
356 1409 447 1452 cruce
468 1389 548 1452 vidit
570 1393 602 1453 et
623 1388 742 1468 crudeli
764 1392 866 1453 morte
888 1388 1083 1455 morientem.
1186 1382 1189 1386 ’

296 1491 409 1558 Stabat
431 1496 537 1558 autem
559 1498 633 1558 ante
654 1514 777 1558 crucem
800 1494 945 1558 manibus
968 1495 1145 1579 complosis,

296 1599 341 1663 ut
362 1598 491 1682 planctu
513 1598 687 1663 miserabili
708 1620 781 1662 cum
802 1599 906 1664 verbis
929 1598 1082 1666 dolorosis

297 1703 448 1772 Dicebat:
475 1701 565 1767 »Heu
586 1724 647 1780 me,
669 1702 717 1766 fili
737 1703 793 1781 mi,
814 1702 862 1767 fili
883 1703 938 1781 mi,
961 1725 980 1767 o
1002 1702 1065 1770 fili!

298 1808 415 1873 Tecum
438 1799 631 1872 mori'trade
652 1807 742 1887 mihi,
766 1808 806 1872 da
828 1807 908 1872 mihi
925 1809 1011 1890 mori
1034 1809 1099 1875 fili!

218 1934 273 1971 ⁵³⁶0
300 1912 347 1979 Ve
368 1913 458 1992 mihi,
482 1936 520 1979 ve
542 1913 708 1992 miserime,
731 1935 770 1978 ve
791 1912 881 1991 mihi,
903 1934 1001 1998 quare
1022 1919 1099 1981 nata

197 2044 199 2047 ·
296 2019 367 2097 Fui,
389 2023 440 2084 tot
459 2019 595 2084 miseriis
616 2040 688 2083 cum
710 2018 771 2083 sim
793 2019 969 2103 deputata?

296 2124 353 2205 Ve,
376 2148 481 2190 meum
503 2125 705 2209 unigenitum
727 2124 918 2209 unicumque
940 2129 1052 2189 natum

297 2229 398 2296 Video
421 2230 583 2315 suppliciis
606 2234 655 2294 tot
676 2229 923 2294 mortificatum!

296 2334 352 2414 Ve,
375 2358 431 2400 cur
452 2358 516 2400 non
538 2336 719 2401 conceditur
740 2334 861 2399 dolenti
883 2332 963 2398 mihi
986 2336 1077 2414 mori,

216 2461 270 2499 5355
297 2440 374 2507 (lum
398 2441 482 2506 dulci
504 2463 573 2528 meo
596 2462 704 2525 puero,
726 2463 765 2504 ve
786 2439 876 2518 mihi,
899 2461 938 2504 ve
959 2439 1077 2504 dolori!
1210 2527 1211 2530 Ἴ

297 2545 370 2613 Non
393 2552 442 2612 est
463 2546 553 2612 dolor
575 2545 687 2611 similis
709 2543 811 2610 dolori
832 2567 904 2610 meo
927 2544 1022 2625 visus,

296 2651 382 2718 Nam
404 2675 491 2717 meus
514 2641 760 2717 amantissimus
773 2673 851 2735 puer
873 2653 921 2715 est
942 2650 1077 2715 occisus!

298 2755 325 2822 Ο
347 2759 398 2841 pie
419 2780 507 2842 pner,
530 2758 613 2822 uteri
634 2757 734 2822 dulcis
756 2756 878 2820 fructus
900 2757 972 2833 mei,

299 2861 326 2926 Ο
350 2863 478 2928 unicum
499 2863 647 2927 solatium
670 2866 703 2927 et
724 2862 810 2926 salus
832 2882 900 2926 mee
922 2859 1006 2943 spei!

219 2986 272 3024 ⁶³⁷0
299 2965 325 3031 Ο
347 2990 452 3033 meum
475 2967 673 3045 desiderium,
696 2988 715 3031 o
737 2970 828 3051 pater
850 2965 1036 3045 uenerande,

301 3073 327 3137 Ο
350 3072 452 3139 cordis
473 3073 536 3137 mei
558 3072 720 3158 gaudium,
743 3093 763 3136 o
784 3071 833 3135 lili
854 3071 899 3134 mi
921 3070 1071 3135 amande!

298 3177 355 3258 Ve,
379 3176 459 3242 mihi
481 3178 575 3242 modo
597 3177 729 3241 moreris
751 3179 783 3240 et
805 3174 900 3239 nimis
923 3173 1110 3239 tribulatam
1183 3247 1187 3253 ,

300 3284 353 3349 Me
375 3287 508 3373 matrem
531 3286 619 3346 tuam
642 3282 765 3369 deseris,
790 3284 840 3344 tot
862 3280 954 3344 malis
977 3283 1160 3345 oneratam!
1192 3334 1195 3343 ,

300 3388 362 3454 Fili
384 3389 438 3465 mi,
461 3410 480 3452 0
502 3387 549 3451 fili
571 3388 626 3466 mi,
649 3386 773 3463 filimi,
797 3407 815 3449 ο
838 3385 901 3449 lili!

221 3511 273 3551 ⁶³⁷⁶
299 3492 416 3559 Tecum
436 3494 525 3559 mori‘
539 3493 629 3556 trade
650 3490 740 3570 mihi,
766 3492 807 3555 da
828 3489 907 3554 mihi
929 3493 1012 3554 mori
1033 3489 1096 3553 fili!
1145 3517 1148 3523 ·

300 3599 349 3666 Ve
371 3600 460 3678 mihi,
482 3619 587 3663 meum
610 3619 743 3682 puerum
766 3619 822 3661 cur
844 3594 924 3659 mihi
947 3598 1173 3678 peremerunt?

301 3703 366 3770 Gur
387 3704 536 3769 dilectum
559 3704 661 3767 filium
682 3724 789 3767 meum
811 3700 1018 3766 occiderunt?

300 3811 434 3885 Mecum,
458 3831 524 3887 oro,
547 3808 700 3893 plangite,
723 3810 835 3871 cuncte
856 3806 908 3890 pie
931 3809 1058 3884 matres,

301 3913 368 3990 Que
390 3916 517 3998 pentum
539 3935 679 3997 unquam
702 3911 879 3996 peperistis,
903 3915 935 3974 et
956 3932 1012 3976 vos
1034 3910 1107 3974 flete
1130 3913 1235 3993 patres

223 4039 276 4078 ⁶³80
302 4019 364 4097 Qui
386 4042 492 4085 caram
515 4019 636 4103 prolem
657 4017 825 4095 habuistis,
848 4038 923 4080 nam
946 4037 1034 4080 meus
1056 4015 1240 4080 interfectus
1326 4011 1329 4018 ’

302 4125 363 4190 Est
385 4146 464 4208 puer
486 4125 679 4209 unigenitus,
702 4123 826 4200 unicus,
850 4121 1003 4198 dilectus;

302 4228 347 4293 at
370 4252 425 4294 vos
447 4250 581 4307 mecum,
603 4230 762 4313 deprecor,
785 4226 888 4305 vidue,
911 4224 1019 4310 lugete

302 4335 340 4400 In
363 4336 504 4420 meisque
526 4334 688 4399 doloribus
710 4333 791 4397 mihi
813 4332 998 4409 condolete;

303 4440 387 4511 Nam
410 4442 451 4511 ab
474 4439 639 4528 unigenito
662 4461 732 4505 sum
755 4442 859 4507 morte
881 4459 966 4507 nuuc
988 4438 1110 4520 orbata,
