<?xml version="1.0" encoding="UTF-8"?>
<!DOCTYPE html PUBLIC "-//W3C//DTD XHTML 1.0 Transitional//EN"
    "http://www.w3.org/TR/xhtml1/DTD/xhtml1-transitional.dtd">
<html xmlns="http://www.w3.org/1999/xhtml" xml:lang="en" lang="en">
 <head>
  <title>
</title>
<meta http-equiv="Content-Type" content="text/html;charset=utf-8" />
  <meta name='ocr-system' content='tesseract 3.04.00' />
  <meta name='ocr-capabilities' content='ocr_page ocr_carea ocr_par ocr_line ocrx_word'/>
</head>
<body>
  <div class='ocr_page' id='page_1' title='image "./vitabeatevirgin02vggoog_0097.png"; bbox 0 0 3000 5125; ppageno 0'>
   <div class='ocr_carea' id='block_1_1' title="bbox 666 387 708 456">
    <p class='ocr_par' dir='ltr' id='par_1_1' title="bbox 666 387 708 456">
     <span class='ocr_line' id='line_1_1' title="bbox 666 387 708 456; baseline 0 0"><span class='ocrx_word' id='word_1_1' title='bbox 666 387 708 456; x_wconf 83' lang='lat'>85</span> 
     </span>
    </p>
   </div>
   <div class='ocr_carea' id='block_1_2' title="bbox 192 561 1141 1282">
    <p class='ocr_par' dir='ltr' id='par_1_2' title="bbox 192 561 1141 1282">
     <span class='ocr_line' id='line_1_2' title="bbox 272 561 1136 647; baseline 0.01 -19"><span class='ocrx_word' id='word_1_2' title='bbox 272 561 311 628; x_wconf 91' lang='lat' dir='ltr'>In</span> <span class='ocrx_word' id='word_1_3' title='bbox 334 585 397 647; x_wconf 90' lang='lat' dir='ltr'>qno</span> <span class='ocrx_word' id='word_1_4' title='bbox 419 567 495 628; x_wconf 92' lang='lat' dir='ltr'>tunc</span> <span class='ocrx_word' id='word_1_5' title='bbox 518 564 722 631; x_wconf 80' lang='lat' dir='ltr'><strong>simulacrum</strong></span> <span class='ocrx_word' id='word_1_6' title='bbox 745 566 901 633; x_wconf 87' lang='lat' dir='ltr'>deiectum</span> <span class='ocrx_word' id='word_1_7' title='bbox 923 591 988 635; x_wconf 91' lang='lat' dir='ltr'>non</span> <span class='ocrx_word' id='word_1_8' title='bbox 1010 569 1136 638; x_wconf 87' lang='lat' dir='ltr'>iaceret.</span> 
     </span>
     <span class='ocr_line' id='line_1_3' title="bbox 192 668 1124 760; baseline 0.011 -28"><span class='ocrx_word' id='word_1_9' title='bbox 192 687 248 725; x_wconf 71' lang='lat'>2³⁸0</span> <span class='ocrx_word' id='word_1_10' title='bbox 275 668 302 733; x_wconf 86' lang='grc' dir='ltr'>Α</span> <span class='ocrx_word' id='word_1_11' title='bbox 328 669 388 733; x_wconf 89' lang='lat' dir='ltr'>diis</span> <span class='ocrx_word' id='word_1_12' title='bbox 411 690 487 754; x_wconf 83' lang='lat' dir='ltr'>ergo</span> <span class='ocrx_word' id='word_1_13' title='bbox 510 670 714 754; x_wconf 80' lang='lat' dir='ltr'>requirebant</span> <span class='ocrx_word' id='word_1_14' title='bbox 736 672 901 756; x_wconf 88' lang='lat' dir='ltr'>pontifices</span> <span class='ocrx_word' id='word_1_15' title='bbox 923 675 1124 760; x_wconf 88' lang='lat' dir='ltr'>templorum,</span> 
     </span>
     <span class='ocr_line' id='line_1_4' title="bbox 273 773 1086 863; baseline 0.012 -27"><span class='ocrx_word' id='word_1_16' title='bbox 273 773 340 849; x_wconf 80' lang='lat' dir='ltr'>Qua</span> <span class='ocrx_word' id='word_1_17' title='bbox 363 773 454 839; x_wconf 91' lang='lat' dir='ltr'>ruine</span> <span class='ocrx_word' id='word_1_18' title='bbox 475 795 571 840; x_wconf 89' lang='lat' dir='ltr'>causa</span> <span class='ocrx_word' id='word_1_19' title='bbox 592 774 675 840; x_wconf 88' lang='lat' dir='ltr'>forst</span> <span class='ocrx_word' id='word_1_20' title='bbox 697 780 765 841; x_wconf 88' lang='lat' dir='ltr'>tam</span> <span class='ocrx_word' id='word_1_21' title='bbox 788 779 895 863; x_wconf 82' lang='lat' dir='ltr'>gravis</span> <span class='ocrx_word' id='word_1_22' title='bbox 918 780 1086 846; x_wconf 88' lang='lat' dir='ltr'>idolorum.</span> 
     </span>
     <span class='ocr_line' id='line_1_5' title="bbox 273 877 1141 969; baseline 0.013 -27"><span class='ocrx_word' id='word_1_23' title='bbox 273 877 517 963; x_wconf 80' lang='lat' dir='ltr'>Responderunt</span> <span class='ocrx_word' id='word_1_24' title='bbox 539 881 695 959; x_wconf 90' lang='lat' dir='ltr'>demones,</span> <span class='ocrx_word' id='word_1_25' title='bbox 719 882 804 967; x_wconf 91' lang='lat' dir='ltr'>quod</span> <span class='ocrx_word' id='word_1_26' title='bbox 826 887 945 948; x_wconf 87' lang='lat' dir='ltr'>terram</span> <span class='ocrx_word' id='word_1_27' title='bbox 967 885 1141 969; x_wconf 73' lang='lat' dir='ltr'>introisset,</span> 
     </span>
     <span class='ocr_line' id='line_1_6' title="bbox 273 984 1101 1077; baseline 0.011 -28"><span class='ocrx_word' id='word_1_28' title='bbox 273 984 359 1050; x_wconf 90' lang='lat' dir='ltr'>Dens</span> <span class='ocrx_word' id='word_1_29' title='bbox 383 987 512 1051; x_wconf 88' lang='lat' dir='ltr'>deorum</span> <span class='ocrx_word' id='word_1_30' title='bbox 535 987 676 1051; x_wconf 89' lang='lat' dir='ltr'>omnium</span> <span class='ocrx_word' id='word_1_31' title='bbox 699 1009 793 1072; x_wconf 88' lang='lat' dir='ltr'>quem</span> <span class='ocrx_word' id='word_1_32' title='bbox 815 988 907 1076; x_wconf 81' lang='lat' dir='ltr'>virgo</span> <span class='ocrx_word' id='word_1_33' title='bbox 929 993 1101 1077; x_wconf 78' lang='lat' dir='ltr'>genuisset,</span> 
     </span>
     <span class='ocr_line' id='line_1_7' title="bbox 273 1090 1109 1179; baseline 0.012 -25"><span class='ocrx_word' id='word_1_34' title='bbox 273 1090 436 1156; x_wconf 84' lang='lat' dir='ltr'>Dicentes:</span> <span class='ocrx_word' id='word_1_35' title='bbox 459 1090 542 1168; x_wconf 78' lang='lat' dir='ltr'>Quia</span> <span class='ocrx_word' id='word_1_36' title='bbox 563 1113 670 1157; x_wconf 88' lang='lat' dir='ltr'>coram</span> <span class='ocrx_word' id='word_1_37' title='bbox 692 1115 729 1157; x_wconf 88' lang='lat' dir='ltr'>eo</span> <span class='ocrx_word' id='word_1_38' title='bbox 752 1098 837 1159; x_wconf 90' lang='lat' dir='ltr'>stare</span> <span class='ocrx_word' id='word_1_39' title='bbox 860 1117 925 1161; x_wconf 91' lang='lat' dir='ltr'>non</span> <span class='ocrx_word' id='word_1_40' title='bbox 948 1098 1109 1179; x_wconf 91' lang='lat' dir='ltr'>audemus,</span> 
     </span>
     <span class='ocr_line' id='line_1_8' title="bbox 193 1195 1062 1282; baseline 0.017 -29"><span class='ocrx_word' id='word_1_41' title='bbox 193 1215 248 1254; x_wconf 74' lang='lat' dir='ltr'>nass</span> <span class='ocrx_word' id='word_1_42' title='bbox 276 1195 434 1282; x_wconf 83' lang='lat' dir='ltr'>Suamque</span> <span class='ocrx_word' id='word_1_43' title='bbox 455 1198 647 1282; x_wconf 82' lang='lat' dir='ltr'>presentiam</span> <span class='ocrx_word' id='word_1_44' title='bbox 669 1199 802 1264; x_wconf 87' lang='lat' dir='ltr'>sufferre</span> <span class='ocrx_word' id='word_1_45' title='bbox 825 1222 888 1265; x_wconf 92' lang='lat' dir='ltr'>non</span> <span class='ocrx_word' id='word_1_46' title='bbox 911 1201 1062 1268; x_wconf 89' lang='lat' dir='ltr'>valemus.</span> 
     </span>
    </p>
   </div>
   <div class='ocr_carea' id='block_1_3' title="bbox 204 1514 1194 1613">
    <p class='ocr_par' dir='ltr' id='par_1_3' title="bbox 204 1514 1194 1613">
     <span class='ocr_line' id='line_1_9' title="bbox 204 1514 1194 1613; baseline 0.007 -26"><span class='ocrx_word' id='word_1_47' title='bbox 204 1514 309 1601; x_wconf 81' lang='lat' dir='ltr'>Quod</span> <span class='ocrx_word' id='word_1_48' title='bbox 338 1514 413 1587; x_wconf 87' lang='lat' dir='ltr'>dux</span> <span class='ocrx_word' id='word_1_49' title='bbox 440 1515 658 1590; x_wconf 84' lang='lat' dir='ltr'>Affrodisius</span> <span class='ocrx_word' id='word_1_50' title='bbox 684 1518 806 1613; x_wconf 89' lang='lat' dir='ltr'>primo</span> <span class='ocrx_word' id='word_1_51' title='bbox 835 1520 1011 1612; x_wconf 82' lang='lat' dir='ltr'>cognovit</span> <span class='ocrx_word' id='word_1_52' title='bbox 1037 1520 1194 1595; x_wconf 79' lang='lat' dir='ltr'>lesum·</span> 
     </span>
    </p>
   </div>
   <div class='ocr_carea' id='block_1_4' title="bbox 160 1723 1242 4131">
    <p class='ocr_par' dir='ltr' id='par_1_4' title="bbox 160 1723 1242 4131">
     <span class='ocr_line' id='line_1_10' title="bbox 217 1723 910 1792; baseline 0.001 -1"><span class='ocrx_word' id='word_1_53' title='bbox 217 1723 219 1728; x_wconf 75' lang='grc'><strong>’</strong></span> <span class='ocrx_word' id='word_1_54' title='bbox 279 1725 340 1792; x_wconf 87' lang='lat' dir='ltr'>Sed</span> <span class='ocrx_word' id='word_1_55' title='bbox 362 1726 425 1791; x_wconf 83' lang='lat' dir='ltr'>dux</span> <span class='ocrx_word' id='word_1_56' title='bbox 448 1726 640 1791; x_wconf 87' lang='lat' dir='ltr'>Affrodisins</span> <span class='ocrx_word' id='word_1_57' title='bbox 661 1726 749 1791; x_wconf 89' lang='lat' dir='ltr'>illins</span> <span class='ocrx_word' id='word_1_58' title='bbox 771 1726 910 1792; x_wconf 88' lang='lat' dir='ltr'>civitatis</span> 
     </span>
     <span class='ocr_line' id='line_1_11' title="bbox 279 1830 1003 1916; baseline 0.001 -20"><span class='ocrx_word' id='word_1_59' title='bbox 279 1831 455 1897; x_wconf 79' lang='lat' dir='ltr'>Clamorem</span> <span class='ocrx_word' id='word_1_60' title='bbox 477 1836 573 1916; x_wconf 89' lang='lat' dir='ltr'>atque</span> <span class='ocrx_word' id='word_1_61' title='bbox 596 1830 764 1916; x_wconf 86' lang='lat' dir='ltr'>strepitum</span> <span class='ocrx_word' id='word_1_62' title='bbox 785 1831 1003 1897; x_wconf 89' lang='lat' dir='ltr'>universitatis</span> 
     </span>
     <span class='ocr_line' id='line_1_12' title="bbox 280 1925 1089 2022; baseline 0.002 -21"><span class='ocrx_word' id='word_1_63' title='bbox 280 1937 324 2001; x_wconf 80' lang='lat' dir='ltr'>Et</span> <span class='ocrx_word' id='word_1_64' title='bbox 345 1937 520 2002; x_wconf 89' lang='lat' dir='ltr'>tumultum</span> <span class='ocrx_word' id='word_1_65' title='bbox 542 1936 652 2022; x_wconf 89' lang='lat' dir='ltr'>populi</span> <span class='ocrx_word' id='word_1_66' title='bbox 673 1925 827 2022; x_wconf 83' lang='lat' dir='ltr'>magnum</span> <span class='ocrx_word' id='word_1_67' title='bbox 848 1959 922 2002; x_wconf 91' lang='lat' dir='ltr'>cum</span> <span class='ocrx_word' id='word_1_68' title='bbox 943 1938 1089 2019; x_wconf 58' lang='lat' dir='ltr'>audivit„</span> 
     </span>
     <span class='ocr_line' id='line_1_13' title="bbox 279 2039 1172 2127; baseline 0.007 -22"><span class='ocrx_word' id='word_1_69' title='bbox 279 2039 383 2116; x_wconf 81' lang='lat' dir='ltr'>Quare</span> <span class='ocrx_word' id='word_1_70' title='bbox 405 2041 488 2106; x_wconf 87' lang='lat' dir='ltr'>foret</span> <span class='ocrx_word' id='word_1_71' title='bbox 509 2045 619 2105; x_wconf 89' lang='lat' dir='ltr'>tantus</span> <span class='ocrx_word' id='word_1_72' title='bbox 641 2041 761 2105; x_wconf 88' lang='lat' dir='ltr'>clamor</span> <span class='ocrx_word' id='word_1_73' title='bbox 783 2062 819 2105; x_wconf 85' lang='lat' dir='ltr'>ao</span> <span class='ocrx_word' id='word_1_74' title='bbox 842 2040 1002 2125; x_wconf 86' lang='lat' dir='ltr'>strepitus,</span> <span class='ocrx_word' id='word_1_75' title='bbox 1026 2044 1172 2127; x_wconf 82' lang='lat' dir='ltr'>quesivit.</span> 
     </span>
     <span class='ocr_line' id='line_1_14' title="bbox 201 2146 1192 2231; baseline 0.003 -19"><span class='ocrx_word' id='word_1_76' title='bbox 201 2167 253 2204; x_wconf 74' lang='lat' dir='ltr'>asso</span> <span class='ocrx_word' id='word_1_77' title='bbox 280 2146 348 2212; x_wconf 79' lang='lat' dir='ltr'>Sibi</span> <span class='ocrx_word' id='word_1_78' title='bbox 369 2151 446 2212; x_wconf 87' lang='lat' dir='ltr'>tunc</span> <span class='ocrx_word' id='word_1_79' title='bbox 469 2167 651 2230; x_wconf 86' lang='lat' dir='ltr'>responsum</span> <span class='ocrx_word' id='word_1_80' title='bbox 677 2150 734 2224; x_wconf 86' lang='lat' dir='ltr'>est,</span> <span class='ocrx_word' id='word_1_81' title='bbox 758 2146 934 2229; x_wconf 90' lang='lat' dir='ltr'>intemplo</span> <span class='ocrx_word' id='word_1_82' title='bbox 957 2147 1041 2231; x_wconf 91' lang='lat' dir='ltr'>quod</span> <span class='ocrx_word' id='word_1_83' title='bbox 1064 2170 1192 2215; x_wconf 84' lang='lat' dir='ltr'>suorum</span> 
     </span>
     <span class='ocr_line' id='line_1_15' title="bbox 278 2251 918 2332; baseline -0.003 -14"><span class='ocrx_word' id='word_1_84' title='bbox 278 2251 435 2319; x_wconf 85' lang='lat' dir='ltr'>Universa</span> <span class='ocrx_word' id='word_1_85' title='bbox 456 2252 649 2317; x_wconf 88' lang='lat' dir='ltr'>corruissent</span> <span class='ocrx_word' id='word_1_86' title='bbox 671 2251 757 2316; x_wconf 91' lang='lat' dir='ltr'>idola</span> <span class='ocrx_word' id='word_1_87' title='bbox 769 2252 918 2332; x_wconf 86' lang='lat' dir='ltr'>deorum,</span> 
     </span>
     <span class='ocr_line' id='line_1_16' title="bbox 275 2356 1046 2443; baseline -0.001 -19"><span class='ocrx_word' id='word_1_88' title='bbox 275 2359 319 2424; x_wconf 80' lang='lat' dir='ltr'>Et</span> <span class='ocrx_word' id='word_1_89' title='bbox 339 2358 373 2423; x_wconf 88' lang='lat' dir='ltr'>in</span> <span class='ocrx_word' id='word_1_90' title='bbox 396 2356 507 2441; x_wconf 80' lang='lat' dir='ltr'>templi</span> <span class='ocrx_word' id='word_1_91' title='bbox 529 2357 710 2441; x_wconf 87' lang='lat' dir='ltr'>pavimento</span> <span class='ocrx_word' id='word_1_92' title='bbox 733 2357 861 2443; x_wconf 76' lang='lat' dir='ltr'>singula</span> <span class='ocrx_word' id='word_1_93' title='bbox 884 2357 1046 2423; x_wconf 84' lang='lat' dir='ltr'>confracta</span> 
     </span>
     <span class='ocr_line' id='line_1_17' title="bbox 276 2461 1060 2546; baseline -0.001 -17"><span class='ocrx_word' id='word_1_94' title='bbox 276 2463 424 2529; x_wconf 79' lang='lat' dir='ltr'>lacerent</span> <span class='ocrx_word' id='word_1_95' title='bbox 445 2466 478 2527; x_wconf 89' lang='lat' dir='ltr'>et</span> <span class='ocrx_word' id='word_1_96' title='bbox 499 2462 532 2525; x_wconf 92' lang='lat' dir='ltr'>in</span> <span class='ocrx_word' id='word_1_97' title='bbox 554 2461 687 2527; x_wconf 89' lang='lat' dir='ltr'>minima</span> <span class='ocrx_word' id='word_1_98' title='bbox 708 2462 849 2527; x_wconf 87' lang='lat' dir='ltr'>frustula</span> <span class='ocrx_word' id='word_1_99' title='bbox 871 2463 1006 2528; x_wconf 83' lang='lat' dir='ltr'>redacta</span> <span class='ocrx_word' id='word_1_100' title='bbox 1055 2535 1060 2546; x_wconf 50' lang='lat'>‚</span> 
     </span>
     <span class='ocr_line' id='line_1_18' title="bbox 275 2568 966 2654; baseline -0.001 -19"><span class='ocrx_word' id='word_1_101' title='bbox 275 2571 326 2635; x_wconf 82' lang='lat' dir='ltr'>Ex</span> <span class='ocrx_word' id='word_1_102' title='bbox 348 2570 408 2635; x_wconf 90' lang='lat' dir='ltr'>hoc</span> <span class='ocrx_word' id='word_1_103' title='bbox 431 2569 623 2634; x_wconf 83' lang='lat' dir='ltr'>Affrodisius</span> <span class='ocrx_word' id='word_1_104' title='bbox 644 2568 740 2635; x_wconf 92' lang='lat' dir='ltr'>nimis</span> <span class='ocrx_word' id='word_1_105' title='bbox 762 2568 966 2654; x_wconf 90' lang='lat' dir='ltr'>obstupescit,</span> 
     </span>
     <span class='ocr_line' id='line_1_19' title="bbox 197 2673 946 2760; baseline 0.008 -29"><span class='ocrx_word' id='word_1_106' title='bbox 197 2695 250 2733; x_wconf 73' lang='lat' dir='ltr'>raes</span> <span class='ocrx_word' id='word_1_107' title='bbox 276 2674 324 2740; x_wconf 90' lang='lat' dir='ltr'>De</span> <span class='ocrx_word' id='word_1_108' title='bbox 346 2674 467 2759; x_wconf 88' lang='lat' dir='ltr'>talique</span> <span class='ocrx_word' id='word_1_109' title='bbox 488 2674 634 2760; x_wconf 83' lang='lat' dir='ltr'>prodigio</span> <span class='ocrx_word' id='word_1_110' title='bbox 657 2673 774 2758; x_wconf 88' lang='lat' dir='ltr'>spiritu</span> <span class='ocrx_word' id='word_1_111' title='bbox 796 2673 946 2757; x_wconf 72' lang='lat' dir='ltr'>pavescit,</span> 
     </span>
     <span class='ocr_line' id='line_1_20' title="bbox 275 2777 1046 2864; baseline -0.003 -19"><span class='ocrx_word' id='word_1_112' title='bbox 275 2781 319 2845; x_wconf 82' lang='lat' dir='ltr'>Et</span> <span class='ocrx_word' id='word_1_113' title='bbox 341 2800 498 2864; x_wconf 79' lang='lat' dir='ltr'>exurgens</span> <span class='ocrx_word' id='word_1_114' title='bbox 521 2778 690 2843; x_wconf 86' lang='lat' dir='ltr'>festinatus</span> <span class='ocrx_word' id='word_1_115' title='bbox 713 2778 869 2862; x_wconf 89' lang='lat' dir='ltr'>templum</span> <span class='ocrx_word' id='word_1_116' title='bbox 890 2777 1046 2860; x_wconf 88' lang='lat' dir='ltr'>introivit,</span> 
     </span>
     <span class='ocr_line' id='line_1_21' title="bbox 276 2884 1046 2963; baseline 0 -14"><span class='ocrx_word' id='word_1_117' title='bbox 276 2885 323 2949; x_wconf 83' lang='lat' dir='ltr'>Ac</span> <span class='ocrx_word' id='word_1_118' title='bbox 347 2885 484 2950; x_wconf 84' lang='lat' dir='ltr'>deiectos</span> <span class='ocrx_word' id='word_1_119' title='bbox 506 2884 580 2948; x_wconf 92' lang='lat' dir='ltr'>deos</span> <span class='ocrx_word' id='word_1_120' title='bbox 603 2905 677 2949; x_wconf 88' lang='lat' dir='ltr'>suos</span> <span class='ocrx_word' id='word_1_121' title='bbox 699 2884 831 2963; x_wconf 85' lang='lat' dir='ltr'>invenit,</span> <span class='ocrx_word' id='word_1_122' title='bbox 855 2886 892 2947; x_wconf 94' lang='lat' dir='ltr'>ut</span> <span class='ocrx_word' id='word_1_123' title='bbox 915 2884 1046 2949; x_wconf 89' lang='lat' dir='ltr'>audivit.</span> 
     </span>
     <span class='ocr_line' id='line_1_22' title="bbox 277 2988 1102 3075; baseline 0.001 -21"><span class='ocrx_word' id='word_1_124' title='bbox 277 2989 477 3054; x_wconf 80' lang='lat' dir='ltr'>Exclamavit</span> <span class='ocrx_word' id='word_1_125' title='bbox 499 3012 574 3055; x_wconf 89' lang='lat' dir='ltr'>voce</span> <span class='ocrx_word' id='word_1_126' title='bbox 595 3011 714 3075; x_wconf 77' lang='lat' dir='ltr'>magna</span> <span class='ocrx_word' id='word_1_127' title='bbox 735 2990 857 3054; x_wconf 88' lang='lat' dir='ltr'>dicens:</span> <span class='ocrx_word' id='word_1_128' title='bbox 879 2988 938 3054; x_wconf 90' lang='lat' dir='ltr'>hec</span> <span class='ocrx_word' id='word_1_129' title='bbox 959 2993 1102 3074; x_wconf 90' lang='lat' dir='ltr'>potestas</span> 
     </span>
     <span class='ocr_line' id='line_1_23' title="bbox 276 3094 964 3181; baseline -0.003 -20"><span class='ocrx_word' id='word_1_130' title='bbox 276 3095 373 3161; x_wconf 85' lang='lat' dir='ltr'>Cuius</span> <span class='ocrx_word' id='word_1_131' title='bbox 396 3096 445 3161; x_wconf 90' lang='lat' dir='ltr'>dei</span> <span class='ocrx_word' id='word_1_132' title='bbox 467 3097 586 3181; x_wconf 89' lang='lat' dir='ltr'>poterit</span> <span class='ocrx_word' id='word_1_133' title='bbox 607 3117 683 3174; x_wconf 88' lang='lat' dir='ltr'>esse,</span> <span class='ocrx_word' id='word_1_134' title='bbox 707 3095 791 3180; x_wconf 88' lang='lat' dir='ltr'>quod</span> <span class='ocrx_word' id='word_1_135' title='bbox 814 3094 964 3160; x_wconf 86' lang='lat' dir='ltr'>maiestas</span> 
     </span>
     <span class='ocr_line' id='line_1_24' title="bbox 198 3201 1061 3288; baseline -0.001 -21"><span class='ocrx_word' id='word_1_136' title='bbox 198 3222 250 3259; x_wconf 73' lang='lat'>2400</span> <span class='ocrx_word' id='word_1_137' title='bbox 276 3202 321 3267; x_wconf 83' lang='lat' dir='ltr'>Et</span> <span class='ocrx_word' id='word_1_138' title='bbox 342 3202 447 3288; x_wconf 80' lang='lat' dir='ltr'>gloria</span> <span class='ocrx_word' id='word_1_139' title='bbox 469 3202 589 3267; x_wconf 86' lang='lat' dir='ltr'>deiecta</span> <span class='ocrx_word' id='word_1_140' title='bbox 611 3206 659 3267; x_wconf 90' lang='lat' dir='ltr'>est</span> <span class='ocrx_word' id='word_1_141' title='bbox 681 3204 749 3265; x_wconf 88' lang='lat' dir='ltr'>tam</span> <span class='ocrx_word' id='word_1_142' title='bbox 771 3201 908 3285; x_wconf 83' lang='lat' dir='ltr'>turpiter</span> <span class='ocrx_word' id='word_1_143' title='bbox 930 3201 1061 3266; x_wconf 91' lang='lat' dir='ltr'>deorum</span> 
     </span>
     <span class='ocr_line' id='line_1_25' title="bbox 160 3294 1092 3373; baseline -0.002 -1"><span class='ocrx_word' id='word_1_144' title='bbox 160 3294 163 3299; x_wconf 46' lang='grc'><strong><em>’</em></strong></span> <span class='ocrx_word' id='word_1_145' title='bbox 277 3307 470 3373; x_wconf 87' lang='lat' dir='ltr'>Nostrorum</span> <span class='ocrx_word' id='word_1_146' title='bbox 491 3312 524 3372; x_wconf 91' lang='lat' dir='ltr'>et</span> <span class='ocrx_word' id='word_1_147' title='bbox 546 3308 706 3373; x_wconf 88' lang='lat' dir='ltr'>destructa</span> <span class='ocrx_word' id='word_1_148' title='bbox 729 3311 779 3371; x_wconf 89' lang='lat' dir='ltr'>est</span> <span class='ocrx_word' id='word_1_149' title='bbox 800 3306 903 3371; x_wconf 91' lang='lat' dir='ltr'>virtus</span> <span class='ocrx_word' id='word_1_150' title='bbox 918 3306 1092 3371; x_wconf 80' lang='lat' dir='ltr'>idolorum.</span> 
     </span>
     <span class='ocr_line' id='line_1_26' title="bbox 277 3398 968 3496; baseline -0.003 -18"><span class='ocrx_word' id='word_1_151' title='bbox 277 3398 441 3490; x_wconf 78' lang='lat' dir='ltr'>Quomodo</span> <span class='ocrx_word' id='word_1_152' title='bbox 464 3414 629 3479; x_wconf 84' lang='lat' dir='ltr'>defendere</span> <span class='ocrx_word' id='word_1_153' title='bbox 652 3436 685 3479; x_wconf 90' lang='lat' dir='ltr'>se</span> <span class='ocrx_word' id='word_1_154' title='bbox 707 3435 772 3477; x_wconf 93' lang='lat' dir='ltr'>non</span> <span class='ocrx_word' id='word_1_155' title='bbox 794 3416 968 3496; x_wconf 90' lang='lat' dir='ltr'>potuerunt</span> 
     </span>
     <span class='ocr_line' id='line_1_27' title="bbox 265 3515 1242 3603; baseline 0.001 -22"><span class='ocrx_word' id='word_1_156' title='bbox 265 3515 391 3582; x_wconf 80' lang='lat' dir='ltr'>&#39;Nostri</span> <span class='ocrx_word' id='word_1_157' title='bbox 413 3517 467 3597; x_wconf 94' lang='lat' dir='ltr'>dii,</span> <span class='ocrx_word' id='word_1_158' title='bbox 490 3518 546 3603; x_wconf 89' lang='lat' dir='ltr'>qui</span> <span class='ocrx_word' id='word_1_159' title='bbox 568 3540 691 3601; x_wconf 87' lang='lat' dir='ltr'>semper</span> <span class='ocrx_word' id='word_1_160' title='bbox 714 3522 821 3581; x_wconf 88' lang='lat' dir='ltr'>tamen</span> <span class='ocrx_word' id='word_1_161' title='bbox 842 3516 954 3581; x_wconf 90' lang='lat' dir='ltr'>invicti</span> <span class='ocrx_word' id='word_1_162' title='bbox 976 3522 1242 3601; x_wconf 82' lang='lat' dir='ltr'>permanserunt?</span> 
     </span>
     <span class='ocr_line' id='line_1_28' title="bbox 280 3620 1211 3707; baseline -0.001 -19"><span class='ocrx_word' id='word_1_163' title='bbox 280 3620 324 3688; x_wconf 90' lang='lat' dir='ltr'>Ut</span> <span class='ocrx_word' id='word_1_164' title='bbox 347 3626 424 3706; x_wconf 89' lang='lat' dir='ltr'>puto</span> <span class='ocrx_word' id='word_1_165' title='bbox 447 3622 576 3707; x_wconf 91' lang='lat' dir='ltr'>quidam</span> <span class='ocrx_word' id='word_1_166' title='bbox 598 3645 700 3687; x_wconf 91' lang='lat' dir='ltr'>novus</span> <span class='ocrx_word' id='word_1_167' title='bbox 723 3623 799 3686; x_wconf 92' lang='lat' dir='ltr'>deus</span> <span class='ocrx_word' id='word_1_168' title='bbox 822 3626 941 3686; x_wconf 89' lang='lat' dir='ltr'>terram</span> <span class='ocrx_word' id='word_1_169' title='bbox 963 3622 1046 3687; x_wconf 89' lang='lat' dir='ltr'>hanc</span> <span class='ocrx_word' id='word_1_170' title='bbox 1068 3622 1211 3702; x_wconf 87' lang='lat' dir='ltr'>intravit,</span> 
     </span>
     <span class='ocr_line' id='line_1_29' title="bbox 201 3726 1063 3813; baseline 0.002 -23"><span class='ocrx_word' id='word_1_171' title='bbox 201 3745 253 3781; x_wconf 75' lang='lat'><strong>2⁴⁰⁶</strong></span> <span class='ocrx_word' id='word_1_172' title='bbox 280 3726 342 3804; x_wconf 83' lang='lat' dir='ltr'>Qui</span> <span class='ocrx_word' id='word_1_173' title='bbox 358 3727 431 3792; x_wconf 86' lang='lat' dir='ltr'>deos</span> <span class='ocrx_word' id='word_1_174' title='bbox 446 3734 573 3793; x_wconf 87' lang='lat' dir='ltr'>nostros</span> <span class='ocrx_word' id='word_1_175' title='bbox 596 3729 718 3813; x_wconf 81' lang='lat' dir='ltr'>expulit</span> <span class='ocrx_word' id='word_1_176' title='bbox 740 3732 773 3793; x_wconf 88' lang='lat' dir='ltr'>et</span> <span class='ocrx_word' id='word_1_177' title='bbox 795 3728 868 3792; x_wconf 87' lang='lat' dir='ltr'>deas</span> <span class='ocrx_word' id='word_1_178' title='bbox 890 3726 1063 3813; x_wconf 74' lang='lat' dir='ltr'>effugavitz</span> 
     </span>
     <span class='ocr_line' id='line_1_30' title="bbox 277 3832 1201 3919; baseline -0.001 -21"><span class='ocrx_word' id='word_1_179' title='bbox 277 3833 361 3898; x_wconf 90' lang='lat' dir='ltr'>Nam</span> <span class='ocrx_word' id='word_1_180' title='bbox 384 3833 451 3899; x_wconf 90' lang='lat' dir='ltr'>eius</span> <span class='ocrx_word' id='word_1_181' title='bbox 473 3836 513 3899; x_wconf 91' lang='lat' dir='ltr'>ad</span> <span class='ocrx_word' id='word_1_182' title='bbox 535 3835 703 3900; x_wconf 89' lang='lat' dir='ltr'>introitum</span> <span class='ocrx_word' id='word_1_183' title='bbox 725 3834 770 3898; x_wconf 93' lang='lat' dir='ltr'>dii</span> <span class='ocrx_word' id='word_1_184' title='bbox 792 3833 894 3899; x_wconf 89' lang='lat' dir='ltr'>nostri</span> <span class='ocrx_word' id='word_1_185' title='bbox 916 3834 972 3919; x_wconf 89' lang='lat' dir='ltr'>qui</span> <span class='ocrx_word' id='word_1_186' title='bbox 993 3836 1070 3898; x_wconf 89' lang='lat' dir='ltr'>sunt</span> <span class='ocrx_word' id='word_1_187' title='bbox 1090 3832 1201 3913; x_wconf 88' lang='lat' dir='ltr'>clausi,</span> 
     </span>
     <span class='ocr_line' id='line_1_31' title="bbox 276 3938 1035 4006; baseline -0.001 -2"><span class='ocrx_word' id='word_1_188' title='bbox 276 3938 316 4004; x_wconf 95' lang='lat' dir='ltr'>In</span> <span class='ocrx_word' id='word_1_189' title='bbox 338 3939 442 4004; x_wconf 85' lang='lat' dir='ltr'>aureis</span> <span class='ocrx_word' id='word_1_190' title='bbox 465 3941 642 4006; x_wconf 83' lang='lat' dir='ltr'>simulacris</span> <span class='ocrx_word' id='word_1_191' title='bbox 664 3945 749 4006; x_wconf 89' lang='lat' dir='ltr'>stare</span> <span class='ocrx_word' id='word_1_192' title='bbox 772 3961 836 4005; x_wconf 90' lang='lat' dir='ltr'>non</span> <span class='ocrx_word' id='word_1_193' title='bbox 859 3942 934 4003; x_wconf 89' lang='lat' dir='ltr'>sunt</span> <span class='ocrx_word' id='word_1_194' title='bbox 956 3938 1035 4003; x_wconf 88' lang='lat' dir='ltr'>ausi.</span> 
     </span>
     <span class='ocr_line' id='line_1_32' title="bbox 278 4042 1151 4131; baseline -0.001 -22"><span class='ocrx_word' id='word_1_195' title='bbox 278 4044 340 4110; x_wconf 91' lang='lat' dir='ltr'>Per</span> <span class='ocrx_word' id='word_1_196' title='bbox 361 4046 465 4131; x_wconf 91' lang='lat' dir='ltr'>ipsum</span> <span class='ocrx_word' id='word_1_197' title='bbox 489 4047 574 4111; x_wconf 92' lang='lat' dir='ltr'>enim</span> <span class='ocrx_word' id='word_1_198' title='bbox 596 4048 777 4113; x_wconf 86' lang='lat' dir='ltr'>destruetur</span> <span class='ocrx_word' id='word_1_199' title='bbox 799 4068 908 4111; x_wconf 90' lang='lat' dir='ltr'>eorum</span> <span class='ocrx_word' id='word_1_200' title='bbox 930 4045 995 4109; x_wconf 89' lang='lat' dir='ltr'>iam</span> <span class='ocrx_word' id='word_1_201' title='bbox 1017 4042 1151 4121; x_wconf 84' lang='lat' dir='ltr'>cultura,</span> 
     </span>
    </p>
   </div>
   <div class='ocr_carea' id='block_1_5' title="bbox 278 4150 1048 4238">
    <p class='ocr_par' dir='ltr' id='par_1_5' title="bbox 278 4150 1048 4238">
     <span class='ocr_line' id='line_1_33' title="bbox 278 4150 1048 4238; baseline -0.003 -22"><span class='ocrx_word' id='word_1_202' title='bbox 278 4152 322 4216; x_wconf 87' lang='lat' dir='ltr'>Et</span> <span class='ocrx_word' id='word_1_203' title='bbox 345 4156 394 4217; x_wconf 89' lang='lat' dir='ltr'>est</span> <span class='ocrx_word' id='word_1_204' title='bbox 415 4174 499 4219; x_wconf 88' lang='lat' dir='ltr'>nova</span> <span class='ocrx_word' id='word_1_205' title='bbox 521 4153 589 4218; x_wconf 91' lang='lat' dir='ltr'>vita</span> <span class='ocrx_word' id='word_1_206' title='bbox 610 4153 733 4219; x_wconf 90' lang='lat' dir='ltr'>cunctis</span> <span class='ocrx_word' id='word_1_207' title='bbox 756 4152 907 4238; x_wconf 75' lang='lat' dir='ltr'>Egyptiis</span> <span class='ocrx_word' id='word_1_208' title='bbox 929 4150 1048 4215; x_wconf 79' lang='lat' dir='ltr'>futura.</span> 
     </span>
    </p>
   </div>
   <div class='ocr_carea' id='block_1_6' title="bbox 193 4279 706 4438">
    <p class='ocr_par' dir='ltr' id='par_1_6' title="bbox 193 4279 706 4438">
     <span class='ocr_line' id='line_1_34' title="bbox 689 4279 706 4318; baseline 0 0"><span class='ocrx_word' id='word_1_209' title='bbox 689 4279 706 4318; x_wconf 71' lang='lat' dir='ltr'>r</span> 
     </span>
     <span class='ocr_line' id='line_1_35' title="bbox 193 4379 669 4438; baseline -0.008 0"><span class='ocrx_word' id='word_1_210' title='bbox 193 4380 263 4438; x_wconf 78' lang='lat'><strong>2393</strong></span> <span class='ocrx_word' id='word_1_211' title='bbox 281 4379 306 4434; x_wconf 80' lang='lat' dir='ltr'>G</span> <span class='ocrx_word' id='word_1_212' title='bbox 323 4380 432 4437; x_wconf 83' lang='lat' dir='ltr'>frustra</span> <span class='ocrx_word' id='word_1_213' title='bbox 449 4382 522 4435; x_wconf 89' lang='lat' dir='ltr'>statt</span> <span class='ocrx_word' id='word_1_214' title='bbox 540 4380 669 4438; x_wconf 82' lang='lat' dir='ltr'>frustula.</span> 
     </span>
    </p>
   </div>
   <div class='ocr_carea' id='block_1_7' title="bbox 0 0 1504 5125">
    <p class='ocr_par' dir='ltr' id='par_1_7' title="bbox 0 0 1504 5125">
     <span class='ocr_line' id='line_1_36' title="bbox 0 0 1504 5125; baseline 0 0"><span class='ocrx_word' id='word_1_215' title='bbox 0 0 1504 5125; x_wconf 95' lang='lat' dir='ltr'> </span> 
     </span>
    </p>
   </div>
  </div>
 </body>
</html>
