3000 5125
227 741 329 826 Quod
355 744 459 838 virgo
479 743 599 816 Maria
625 744 855 818 annuntiata
883 743 957 818 fuit
984 745 1099 816 matri
1128 767 1194 820 sue
1219 767 1286 840 per
1314 769 1383 817 an·
1456 838 1463 849 .

607 867 734 959 gelum
762 866 1003 960 Raphaelem.

383 1092 421 1158 In
444 1092 589 1158 oratione
611 1115 669 1157 sua
691 1115 765 1158 cum
787 1100 1003 1178 perseveraret
1093 1143 1097 1148 «

261 1252 264 1260 .
385 1199 481 1263 Anna
502 1198 568 1263 suis
590 1198 736 1282 precibus
761 1203 793 1262 et
815 1199 908 1264 deum
930 1198 1127 1284 imploraret,
1258 1269 1261 1276 ,
1375 1239 1382 1249 ·

246 1323 249 1329 ·
384 1303 436 1368 Ad
455 1305 558 1387 ipsam
581 1303 669 1367 venit
692 1303 824 1386 angelus
847 1302 993 1387 Raphael
1015 1308 1156 1369 vocatus.

319 1426 358 1463 aas
386 1409 415 1471 A
438 1407 582 1493 supernis
605 1407 732 1472 sedibus
755 1430 811 1491 per
833 1408 927 1472 deum
949 1409 1137 1489 destinatus,

384 1512 445 1588 Qui
467 1513 593 1577 dicebat
614 1512 655 1577 ad
677 1534 764 1578 eam:
791 1513 879 1577 »Ave
902 1517 938 1577 tu
961 1514 1055 1578 beata

385 1619 501 1683 Mulier
523 1641 542 1682 a
565 1620 622 1684 deo
645 1624 736 1703 patre
759 1619 898 1683 celorum
921 1619 1078 1684 salutata!

388 1724 532 1807 Amplius
553 1724 588 1786 in
610 1724 783 1789 cordetuo
805 1724 887 1788 nihil
909 1724 1118 1803 contristeris,

387 1828 448 1894 Sed
469 1851 599 1913 sperans
622 1829 656 1892 in
679 1829 807 1893 domino
830 1829 911 1894 bene
931 1829 1120 1906 consoleris;

320 1953 359 1990 000
387 1933 472 1999 Nam
495 1938 567 1998 tuas
590 1934 749 1999 orationes
773 1936 849 1998 deus
872 1934 1036 2000 exaudivit

385 2040 429 2113 Et
451 2044 523 2103 tuas
547 2041 712 2125 angustias
735 2045 864 2108 cunetas
886 2041 1075 2124 consopivit.

385 2146 467 2210 Eece
489 2150 525 2209 tu
542 2146 704 2230 ‘concipies
728 2151 760 2211 00
782 2146 886 2229 paries
907 2145 1066 2210 infantem

386 2251 414 2314 A
437 2250 506 2314 viro
528 2254 597 2328 tuo,
618 2272 694 2314 nam
716 2251 792 2315 deus
814 2255 847 2315 te
868 2250 966 2316 faciet
987 2255 1209 2335 pregnantem.

387 2353 552 2440 Concipies
575 2355 610 2419 in
631 2359 724 2420 utero
746 2347 914 2440 pariesque
937 2355 1071 2438 prolem,

238 2549 241 2554 ,
320 2479 359 2515 000
387 2458 454 2535 Quo
476 2460 582 2526 luctus
605 2466 646 2534 00,
659 2460 792 2530 tristitie
815 2465 870 2525 tue
892 2460 986 2525 tollet
1009 2461 1134 2525 molem.

384 2567 494 2634 Proles
516 2569 575 2634 heu
596 2570 631 2632 in
654 2569 808 2654 gaudium
830 2569 997 2633 tristitiam
1020 2570 1184 2632 convertet

386 2673 489 2738 Tuam
511 2679 544 2739 et
567 2675 787 2759 captivitatem
811 2672 933 2740 Israhel
956 2678 1098 2750 avertet3

386 2778 547 2865 Sexusque
570 2778 700 2844 feminei
723 2780 829 2863 proles
850 2780 915 2843 ista
937 2778 991 2863 pia

385 2885 458 2952 Fiet
480 2890 513 2951 00
535 2887 702 2952 vocabitur
723 2886 852 2951 nomine
874 2886 988 2951 Maria

321 3008 359 3046 000
385 2989 512 3056 Novam
535 2992 638 3076 legem
660 2996 757 3076 atque
779 2992 879 3055 vitam
900 2991 959 3059 hec
981 2990 1086 3074 proles
1108 2987 1284 3064 inchoabis,
1394 3074 1399 3081 .

388 3086 496 3180 Atrine
518 3116 651 3179 regnum
675 3095 777 3178 patria
800 3095 848 3158 tui
871 3093 976 3158 David
998 3093 1178 3178 reparabit3
1321 3088 1323 3093 ⁴

387 3197 581 3265 Universum
604 3222 732 3284 quoque
752 3200 905 3264 muntium
928 3199 1033 3283 proles
1055 3199 1114 3262 heo
1137 3197 1275 3262 salvabit

386 3305 431 3369 Et
453 3306 487 3368 in
510 3305 585 3369 celis
608 3305 795 3390 angelorum
817 3304 944 3387 lapsum
966 3302 1170 3368 restaurabit.

387 3409 454 3474 Oeli
475 3414 562 3474 terre
583 3411 746 3477 dominum
770 3415 802 3474 et
824 3431 930 3495 regem
953 3407 1132 3494 generabit,

321 3536 359 3572 000
388 3513 426 3579 In
449 3519 594 3580 eternum
616 3537 805 3600 permanens
828 3537 900 3579 cum
921 3515 1055 3598 ipsoque
1077 3512 1236 3598 reguabit.

386 3622 476 3706 Ergo
499 3622 703 3687 devotissima
724 3621 840 3686 mulier
862 3620 971 3698 letare,

387 3727 546 3802 Ettuum
568 3748 639 3790 cum
662 3727 780 3807 gaudio
804 3726 906 3790 virum
930 3726 1121 3808 prestolare!

386 3830 439 3894 ns
460 3835 493 3895 te
516 3831 683 3897 distortis
705 3832 755 3895 vir
777 3835 852 3895 tuus
875 3833 1063 3908 revertetur,

387 3934 499 4000 Omnis
522 3940 596 4000 tuus
619 3938 758 4022 gemitus
781 3941 813 4002 et
835 3937 939 4001 luctus
963 3936 1194 4020 abstergetur«

322 4060 359 4095 000
385 4040 461 4106 latis
484 4042 576 4106 dictis
599 4044 731 4128 angelus
754 4043 788 4106 in
810 4043 912 4107 celum
935 4042 1078 4107 elevatur

387 4147 545 4232 Annaque
567 4171 638 4212 cum
661 4149 778 4234 gaudio
801 4148 953 4213 maritum
975 4147 1178 4232 prestolatur.

386 4251 433 4317 Ut
455 4255 588 4338 angelus
611 4254 802 4338 predixerat,
825 4252 975 4318 Joachim
998 4275 1142 4318 reversus

795 4380 814 4419 a

303 4479 354 4533 292
373 4479 392 4532 Ζ
412 4478 535 4535 celorum
553 4479 633 4534 fehlt.
702 4480 753 4536 307
772 4481 791 4534 Ζ
811 4480 853 4534 sui
871 4472 944 4533 ertu
962 4479 1014 4533 tui.
1085 4479 1136 4534 310
1155 4478 1228 4533 fehlt
1246 4477 1275 4531 in
1294 4476 1323 4532 Ζ.
