3000 5125
658 328 721 391 245

275 497 327 564 Sic
350 523 449 585 usque
471 500 574 565 noctis
596 501 734 566 medium
756 503 892 587 apostoli
915 504 1063 569 sederunt

192 623 247 661 ⁷2⁹⁵
275 605 520 692 Transitumque
535 608 674 694 =virginis
698 612 824 674 orantes
846 610 1084 694 deplanxerunt.

139 900 261 985 Quod
287 903 409 996 plures
437 902 598 995 virgines
626 905 665 974 et
691 903 764 976 alie
785 889 965 977 'mulieres
992 905 1152 978 aderent
1177 906 1216 977 in

471 1026 577 1097 obitu
603 1025 712 1099 beate
739 1027 902 1119 virginis

272 1236 421 1321 Virgines
444 1241 476 1301 et
496 1236 643 1301 mulieres
666 1238 766 1303 multe
788 1239 958 1326 vigilantes

270 1338 424 1404 Sedenmt
446 1341 528 1405 cirea
549 1341 683 1427 virginis
704 1343 831 1423 lectum,
855 1345 1063 1428 prestolantes

270 1443 453 1510 Transitum
475 1450 507 1511 et
529 1447 649 1511 exitum
672 1448 776 1514 anime
798 1449 898 1515 felicis

269 1547 383 1615 Sancte
405 1550 505 1616 Maris
526 1553 669 1639 virginis,
693 1555 743 1619 dei
766 1556 938 1639 genitricis,

191 1673 242 1709 ⁷³⁰0
268 1653 341 1737 Ipsa
362 1678 436 1721 vero
459 1658 508 1721 dei
529 1663 631 1723 mater
654 1660 687 1723 in
700 1661 825 1725 'lectulo
847 1663 1011 1744 pausabat,

253 1759 410 1828 'Psalmos
433 1767 464 1827 et
486 1765 643 1830 orationes
666 1770 787 1831 attente
810 1767 1001 1832 ruminabat.

189 2084 293 2170 Quod
320 2085 428 2158 Jesus
456 2086 630 2180 apparuit
656 2086 770 2159 matri
797 2107 863 2158 sue
890 2085 928 2156 in
957 2084 1063 2158 obitu
1090 2106 1165 2158 sue.

268 2293 358 2359 Circa
379 2296 481 2361 noctis
502 2294 640 2360 medium
662 2294 817 2358 maximus
840 2292 938 2359 fiebat

265 2402 313 2466 De
334 2403 401 2468 celo
423 2423 528 2482 sonus,
552 2406 647 2486 atque
668 2400 762 2466 Jesus
785 2399 929 2465 Christus
952 2399 1167 2479 descendebat,

267 2507 403 2572 Domum
426 2530 551 2594 quoque
573 2529 628 2573 sue
650 2508 761 2572 matris
783 2506 1030 2592 ingrediebatur,

189 2633 239 2668 ⁷³0⁵
266 2612 463 2698 Angelorum
485 2614 656 2678 multItudo
677 2614 782 2697 ipsum
805 2612 1005 2696 sequebatur.
1124 2600 1128 2609 “

266 2716 368 2782 Odore
390 2719 576 2783 suavissimo
598 2723 674 2783 tuno
695 2718 806 2781 domus
829 2717 1019 2801 replebatur,

213 2838 216 2844 '
267 2821 438 2907 Splendore
458 2845 574 2907 magno
595 2822 729 2907 virginis
751 2822 913 2905 lectusque
936 2821 1156 2887 circumdatur.

266 2927 368 2993 Maria
390 2951 481 2992 suum
504 2928 604 2991 filium
629 2928 737 2992 videns
760 2927 924 3005 exultavit,

266 3033 310 3098 Et
332 3057 402 3098 cum
425 3055 542 3118 magno
564 3033 681 3119 gaudio
703 3032 808 3096 dicens
831 3031 1034 3096 exclamavit:

191 3159 242 3196 τωο
271 3139 335 3204 »Te
357 3140 482 3204 domine
504 3138 657 3223 glorifico,
680 3142 712 3202 te
734 3141 825 3221 pater
845 3135 1019 3221 benedico,

268 3243 294 3308 O
317 3249 449 3323 creator,
473 3248 505 3309 et
526 3245 571 3309 mi
593 3245 649 3322 fili,
672 3244 780 3308 laudes
802 3243 863 3306 tibi
886 3243 970 3307 dico!

265 3347 350 3414 Nam
372 3373 391 3413 a
414 3350 566 3415 desiderio
589 3372 639 3414 me
660 3370 730 3413 meo
754 3328 827 3412 nonx
841 3348 983 3431 privasti,

265 3454 295 3517 A
316 3454 483 3544 te'cuneta
505 3476 566 3537 que
587 3453 685 3537 petivi
708 3452 788 3517 mihi
810 3474 874 3516 non
897 3452 1030 3536 negasti.

266 3559 326 3626 Sed
349 3561 495 3625 universa
517 3583 578 3645 que
599 3565 637 3625 tu
659 3559 738 3623 mihi
761 3558 872 3623 dilecte
894 3556 1077 3641 promisisti,

189 3684 240 3721 ⁷³1⁵
266 3663 326 3729 llla
349 3668 385 3728 tu
407 3664 542 3729 fideliter
564 3664 609 3728 mi
630 3664 766 3729 clemens
788 3661 998 3746 implevistis

110 3963 213 4048 Quod
235 3966 345 4039 Jesus
365 3967 542 4038 invitavit
560 3968 723 4038 matrem
749 3987 855 4036 suam
877 3966 917 4059 et
941 3963 1142 4057 assumpsit
1167 3984 1248 4035 een]

209 4099 211 4103 ’
577 4088 617 4159 in
644 4087 775 4159 celum.

262 4296 355 4362 Jesus
378 4300 424 4362 ait
445 4297 541 4362 matri
562 4319 635 4362 sue:
660 4294 807 4377 »Venias
831 4297 944 4362 dilecte

261 4400 373 4467 Amica
396 4424 474 4480 mea,
498 4425 587 4467 soror
608 4424 687 4481 mea,
710 4424 767 4487 pre
789 4401 935 4466 omnibus
958 4402 1075 4467 electa!
