3000 5125
701 377 744 445 69

240 653 299 731 De
327 656 442 751 signis
469 679 541 753 que
568 656 709 730 fiebant
735 658 775 732 in
802 660 1047 736 nativitatem
1074 663 1225 738 Christi.

313 865 389 931 Mox
411 870 448 931 ut
469 866 563 933 Jesus
585 871 679 933 natus
702 873 750 933 est
773 869 811 934 de
833 869 958 955 virgine
980 871 1087 954 puella

229 990 286 1028 1⁸0⁵
314 970 474 1056 Apparuit
495 972 529 1035 in
552 994 623 1037 aere
645 973 780 1057 quedam
802 996 885 1039 nova
907 975 1019 1052 stella3

312 1077 416 1141 Maior
439 1081 534 1162 atque
556 1076 671 1141 clarior
693 1077 751 1143 hec
772 1079 867 1144 stella
888 1080 1043 1144 rutilabat

313 1180 432 1247 Ceteris
455 1182 618 1261 sideribus,
642 1205 699 1248 nec
721 1188 828 1249 tamen
850 1186 920 1268 ipsa
942 1185 1050 1250 stabat

310 1286 389 1351 Cum
412 1286 541 1370 reliquis
563 1287 718 1352 sideribus
740 1289 775 1352 in
796 1289 856 1353 celi
878 1288 1088 1367 firmamento,

313 1391 373 1458 Sed
395 1392 479 1457 hesit
501 1392 559 1457 hec
581 1392 614 1458 in
637 1415 709 1458 aere
731 1394 800 1458 sine
821 1397 1073 1459 sustentamento

126 1583 131 1592 ,
230 1517 284 1554 ¹8⁷⁰
311 1496 414 1581 Supra
436 1498 564 1562 domum
587 1497 642 1562 ubi
664 1497 810 1563 Christus
833 1502 881 1562 est
903 1503 1007 1578 natus,
1031 1499 1201 1580 ferebatur,

312 1605 355 1668 Et
377 1625 434 1687 per
455 1606 558 1668 totum
582 1604 735 1668 mundum
757 1604 905 1688 splendor
927 1589 994 1668 eius
1017 1604 1194 1680 videbatur.

309 1708 348 1773 In
370 1709 427 1773 illa
449 1713 542 1774 nocte
564 1713 706 1792 pastores
728 1710 762 1772 in
785 1730 897 1793 campo
921 1708 1099 1792 vigilabant

310 1814 358 1879 Ac
380 1837 473 1879 suum
495 1815 529 1878 in
552 1815 675 1898 pascuis
698 1836 831 1900 gregem
853 1814 1075 1879 observabant.

310 1919 424 1985 Subito
446 1921 484 1984 de
505 1920 572 1984 celo
595 1920 650 1984 lux
674 1920 815 1984 maxima
836 1919 974 1999 refulsit,

206 2009 285 2082 ⁴1⁸⁷⁶
311 2026 355 2090 Et
377 2030 520 2109 pastores
543 2024 615 2089 illos
638 2025 787 2108 splendor
808 2046 944 2109 magnus
967 2024 1196 2103 circumfulsit3

309 2130 410 2195 Juxta
433 2152 511 2213 quos
533 2135 610 2194 tunc
631 2130 764 2216 angelus
786 2131 894 2194 stabat
917 2131 951 2194 in
972 2131 1148 2215 splendore,

309 2236 357 2301 Dc
379 2257 443 2320 quo
464 2235 526 2318 ipsi
548 2235 652 2299 territi
674 2239 750 2300 sunt
772 2235 871 2299 nimio
893 2235 1017 2301 timore.

194 2327 197 2332 ⁴
311 2342 361 2407 Ad
384 2364 436 2406 eos
459 2342 505 2406 ait
527 2341 676 2427 angelus:
704 2340 849 2406 »Timere
871 2363 926 2406 vos
949 2341 1060 2419 nolite,

309 2446 399 2522 Quod
422 2469 481 2534 ego
504 2447 594 2511 vobis
617 2447 740 2525 nuntio,
764 2448 900 2511 letanter
922 2446 983 2510 hoc
1006 2445 1131 2510 audite:

228 2572 279 2635 aaa
307 2552 499 2639 Evangelizo
521 2553 674 2639 gaudium
697 2553 788 2618 vobis
811 2557 843 2619 et
865 2552 950 2637 quod
971 2556 1086 2617 notum

308 2658 381 2722 Erit
403 2659 490 2723 omni
512 2659 629 2743 populo
652 2682 707 2743 per
730 2658 838 2723 orbem
861 2658 971 2722 mundi
993 2661 1107 2721 totum.

308 2762 368 2827 Est
390 2763 424 2826 in
446 2763 575 2828 civitate
597 2762 701 2827 David
722 2763 816 2827 modo
838 2762 930 2826 nobis
952 2766 1047 2826 natus

309 2866 464 2946 Salvator,
489 2870 544 2951 qui
566 2873 614 2932 est
636 2867 782 2932 dominus
805 2871 837 2931 et
857 2866 1004 2932 Christus
1026 2866 1215 2950 appellatus.

307 2972 479 3038 Invenietis
502 2995 634 3058 puerum
657 2973 771 3057 pannis
793 2973 983 3052 involutum,

229 3098 281 3135 1³⁸⁶
307 3077 345 3143 In
367 3080 492 3164 presepi
513 3080 652 3163 positum
674 3080 715 3144 ab
738 3080 825 3144 omni
847 3079 946 3144 latere
967 3083 1084 3154 tutum,

308 3183 386 3249 Cum
409 3184 513 3249 Maria
536 3189 637 3250 matre
659 3207 735 3263 sua,
759 3185 820 3249 hoc
842 3185 884 3249 sit
907 3183 997 3248 vobis
1019 3184 1156 3268 signum,

307 3288 427 3355 Natum
451 3291 519 3355 fore
542 3291 732 3355 salvatorem
755 3292 843 3355 omni
865 3291 958 3355 laude
980 3290 1144 3374 dignum«

306 3393 359 3460 Ad
380 3395 472 3460 illum
494 3395 583 3461 venit
605 3396 755 3482 angelum
778 3396 897 3461 ibidem
919 3416 1127 3478 supernorum

307 3501 477 3566 Celestium
499 3502 654 3566 exercitus
676 3506 709 3566 et
731 3506 818 3567 cetus
840 3501 1027 3587 angelorum

228 3625 281 3664 rau
308 3607 412 3671 Deum
434 3607 691 3687 collaudantium,
714 3607 915 3691 dicentesque
938 3628 1011 3671 cum
1033 3625 1087 3669 eo:

309 3711 441 3776 »Honor
463 3712 506 3776 sit
528 3715 560 3776 et
582 3712 685 3797 gloria
707 3711 741 3775 in
765 3711 895 3776 excelsis
918 3711 986 3775 deo.

305 3817 344 3881 In
367 3822 452 3883 terra
474 3840 536 3902 pax
558 3816 741 3882 hominibus
764 3818 846 3882 bone
867 3814 1072 3881 voluntatis.«

307 3921 358 3988 Sic
380 3924 420 3987 ad
442 3923 543 3987 celum
567 3923 775 3988 ascenderunt
796 3944 869 3987 cum
892 3922 985 3986 laude
1007 3918 1144 3983 deitatis.

307 4026 453 4093 Pastores
476 4028 515 4092 ad
537 4027 672 4092 invicem
695 4028 862 4093 dixerunt:
890 4025 1119 4091 »Transeamus

230 4150 280 4188 1⁸⁰⁶
306 4130 345 4196 In
367 4133 527 4197 civitatem
552 4131 751 4210 Bethlehem,
776 4135 812 4195 ut
834 4131 881 4195 ibi
903 4130 1066 4195 videamus

305 4236 449 4303 Verbum
471 4237 531 4302 hoc
554 4239 637 4322 quod
660 4238 781 4303 factum
804 4241 852 4301 est
875 4240 907 4301 et
930 4235 1023 4300 modo
1046 4232 1229 4298 nuntiatum

305 4341 408 4408 Nobis
431 4347 479 4408 est
501 4364 557 4426 per
580 4342 729 4428 angelum
751 4342 942 4406 salvatorem
965 4344 1107 4404 natum«

306 4447 477 4517 Venientes
500 4447 687 4516 Bethlehem
711 4448 857 4514 viderunt
879 4449 1097 4514 coruscantem
