3000 5125
669 378 711 443 43

277 548 377 625 >Quid
400 572 457 633 per
478 551 722 618 maledictionen
745 555 843 621 istam
864 556 1051 650 intendebat

193 675 246 711 roro
273 655 434 741 Propheta
455 659 505 723 dei
528 658 678 744 Moyses?
702 662 762 726 hoc
784 684 804 728 o
826 663 871 727 mi
893 663 1009 728 fratres
1032 665 1114 742 scio;

273 762 345 845 Ego
367 785 532 847 nunquam
555 767 723 832 maledicta
745 790 802 852 per
824 767 884 833 hoc
907 768 1028 833 factum
1051 770 1104 849 fio,

273 865 356 931 Nam
380 870 444 933 ista
467 870 647 937 maledictio
669 873 708 938 de
731 874 826 938 rebus
849 878 897 939 est
919 875 1056 954 caducis,

272 971 348 1037 Non
371 977 419 1038 est
442 975 480 1040 de
502 975 670 1042 celestibus
693 978 885 1063 sempiterne
907 979 1018 1044 lucis«

107 1268 221 1353 Quod
251 1270 462 1345 sacerdotes
489 1274 716 1348 invenerunt
751 1275 947 1348 consilium
982 1277 1071 1371 quid
1099 1279 1266 1353 facerent

586 1396 631 1468 de
665 1395 795 1470 Maria.

275 1604 350 1671 Non
373 1606 526 1671 habentes
547 1606 725 1672 sacerdotes
747 1607 825 1691 quid
849 1608 936 1671 ultra
958 1608 1147 1693 respondere

196 1731 249 1769 10⁹⁶
276 1712 408 1777 Possent
429 1713 478 1777 illi
500 1713 629 1799 virgini,
652 1712 818 1777 consilium
842 1713 953 1792 fecere,

274 1817 440 1883 Dicentes:
465 1816 517 1882 »si
540 1818 755 1902 permittimus
778 1818 866 1882 illam
890 1819 935 1883 sio
957 1819 1161 1902 pertransire,
1248 1815 1250 1818 ’

274 1922 326 1987 lta
347 1925 432 2008 quod
454 1945 516 1988 non
542 1924 669 2008 cogitur
690 1923 782 1987 nobis
805 1923 942 2002 obedire,

274 2027 312 2092 ln
335 2033 478 2093 nostram
499 2029 723 2093 contumeliam
746 2050 847 2093 novus
870 2029 1037 2094 inducetur

270 2133 346 2199 Vite
368 2135 489 2214 modus,
512 2156 685 2219 perquem
707 2138 818 2198 nostra
841 2139 981 2217 potestas
1004 2134 1193 2214 destruetur,

195 2260 246 2295 110⁰
273 2239 355 2316 Quia
376 2261 433 2323 per
455 2240 634 2323 exemplum
657 2240 723 2304 eius
747 2239 781 2302 in
803 2240 991 2323 virginitate

273 2345 450 2410 Manebunt
471 2345 572 2410 multe
593 2345 734 2429 virgines
757 2349 789 2409 et
811 2344 843 2408 in
868 2344 1026 2424 castitate,
1112 2411 1115 2418 ,

275 2449 341 2525 (lue
363 2451 507 2515 nolentes
529 2451 648 2515 nubere
670 2451 755 2515 viros
778 2450 967 2515 recusabant

273 2555 380 2641 Atque
402 2556 531 2622 thorum
553 2557 752 2642 conjugalem
781 2559 964 2641 spernentes
987 2578 1049 2621 non
1076 2555 1263 2622 curabunt«

179 2902 183 2911 ·
230 2874 282 2947 De
307 2873 430 2947 Judeo
457 2875 523 2968 qui
550 2875 732 2967 allegavit
759 2896 826 2968 pro
852 2873 967 2946 beata
993 2873 1150 2967 virgine.

273 3081 362 3147 Tunc
384 3104 423 3146 ex
445 3082 622 3147 senioribus
644 3082 775 3166 quidam
796 3083 1008 3166 respondebat

195 3209 247 3244 nos
275 3189 336 3264 Qui
358 3188 494 3253 Mariam
517 3189 673 3274 virginem
696 3188 861 3253 defendere
884 3189 1023 3267 volebat,

274 3293 407 3358 Dicens:
434 3294 557 3359 »Huius
580 3296 714 3381 virginis
739 3295 930 3360 factumest
954 3294 1159 3379 perplexum

273 3400 352 3464 Elius
375 3422 449 3464 nam
472 3401 635 3485 proposito
659 3405 770 3465 votum
793 3404 841 3464 est
863 3422 1050 3479 connexum,

272 3502 358 3568 Nam
380 3504 519 3588 precepit
542 3504 683 3589 Moyses,
707 3510 743 3569 ut
766 3506 857 3589 virgo
879 3505 929 3569 vel
951 3504 1058 3587 puella

272 3608 312 3674 In
333 3611 549 3694 domopatris
571 3633 769 3694 permanens,
793 3632 888 3674 senex
910 3611 960 3675 vel
984 3609 1111 3686 tenella,

197 3733 246 3768 1111
275 3714 309 3779 Si
334 3719 407 3779 voto
430 3738 463 3780 se
485 3716 718 3801 constringeret
740 3721 833 3800 patre
855 3715 1023 3793 nesciente,

273 3818 333 3883 Sed
354 3819 410 3883 illo
434 3842 506 3884 cum
529 3822 702 3905 perciperet
726 3843 798 3885 mox
823 3842 887 3884 non
910 3818 1154 3896 contradicente,
1186 3896 1190 3903 p

272 3924 333 3989 Illa
354 3924 438 3989 foret
460 3926 614 4010 obligata,
638 3931 776 4011 votoque
799 3927 965 4011 ligaretur,
1063 3962 1068 3970 ·

272 4030 316 4093 Et
335 4031 530 4096 decretum
552 4032 723 4115 adimplere
746 4054 803 4115 per
825 4032 957 4116 Moysen
983 4030 1120 4094 iubetur.

272 4133 333 4199 Sed
355 4135 414 4201 hec
436 4136 528 4220 virgo
550 4138 707 4202 castitatis
730 4143 841 4202 votum
864 4137 922 4201 deo
945 4137 1044 4216 vovit,

196 4258 245 4320 1111
273 4238 430 4324 Paterque
451 4264 515 4306 non
537 4243 732 4307 contradixit
754 4265 825 4309 cum
848 4243 969 4306 factum
991 4242 1052 4306 lroc
1074 4243 1242 4329 cognovit3

273 4341 333 4408 Sed
356 4347 459 4430 magis
482 4368 551 4411 eam
574 4346 721 4433 obligans
744 4349 802 4412 deo
825 4347 1029 4426 consecravit,

259 4448 326 4515 eUt.
342 4471 464 4536 semper
487 4451 579 4537 virgo
601 4458 729 4519 maneat
751 4453 852 4538 ipsam
868 4451 1050 4538 deputarit.
