3000 5125
272 502 323 570 Ad
344 508 462 572 terram
484 510 522 571 ut
543 507 697 574 exanimis
719 509 870 578 flebiliter
890 512 1023 580 iacebat.
1160 547 1164 554 -

273 608 389 676 Omnes
412 610 468 676 ille
488 610 607 677 femine
628 613 822 698 planxerunt
843 617 1053 701 condolentes,

272 713 390 800 Magne
411 715 615 783 tribulationi
637 716 738 784 Maria
761 720 1005 808 deplangentes3

271 818 331 885 Sed
354 820 400 885 ait
421 841 530 885 vocem
551 821 682 905 spiritus
705 844 777 889 oum
799 825 936 892 reddidit
957 829 1075 897 dolori:

189 941 247 980 eoos
276 923 376 989 >Cum
398 925 512 990 dilecto
534 948 632 1010 puero
655 950 725 993 meo
746 929 862 995 vadam
881 931 994 999 mori«

272 1030 382 1095 Dulcis
404 1051 481 1116 ergo
502 1030 607 1097 Maria
629 1032 667 1097 de
689 1037 775 1099 terra
797 1035 876 1101 flens
897 1040 1044 1121 surrexit,

271 1132 471 1201 Festinanter
494 1137 534 1200 ad
556 1137 658 1221 ipsius
678 1138 782 1205 filium
803 1143 964 1225 porrexit3

269 1237 365 1305 Soror
387 1263 445 1306 sua
466 1243 658 1327 sequebatur
680 1243 784 1310 Maria
806 1245 986 1333 Cleophena

269 1344 408 1414 Feminis
430 1368 501 1413 oum
523 1349 634 1415 ceteris
657 1354 754 1436 atque
775 1351 975 1438 Magdalena'

102 1666 219 1752 Quod
233 1668 355 1741 Maria
379 1669 474 1744 vidit
499 1669 618 1743 filium
639 1693 749 1744 suum
771 1670 858 1744 duci
879 1672 928 1744 ad
954 1672 1257 1770 crucifigendum.

189 1896 242 1933 ⁴⁹1⁰
268 1878 337 1944 Hec
358 1900 430 1954 oum
450 1879 515 1944 iam
538 1880 578 1945 ad
600 1879 718 1946 atrium
739 1880 873 1964 presidis
894 1885 1058 1963 venerunt,

268 1984 497 2051 Transeuntem
520 1983 648 2052 turbam
671 2006 822 2071 magnam
843 1986 956 2070 populi
976 1986 1133 2054 viderunt

269 2089 441 2175 Jesumque
463 2090 549 2156 trahi
572 2090 698 2156 vinculo
720 2112 793 2157 oum
815 2091 893 2175 ipsis
915 2091 1142 2172 ambulantem,

268 2197 313 2262 Et
334 2198 368 2262 in
390 2197 483 2263 dorso
505 2219 562 2262 suo
584 2195 735 2282 magnam
757 2217 882 2263 crucem
903 2195 1108 2265 baiulantem.

267 2301 401 2378 Quidam
423 2304 507 2369 enim
529 2303 614 2368 huno
636 2302 795 2367 duxmunt
816 2300 942 2367 vinculo
964 2302 1138 2385 trahentes,

188 2429 240 2466 ⁴⁹1⁶
268 2408 403 2485 Quidam
424 2415 511 2474 retro
533 2407 757 2495 sequebantur,
780 2412 958 2494 pungentes
981 2413 1014 2474 et
1035 2410 1187 2477 cedentes.

266 2513 370 2581 Mater
392 2537 450 2581 sua
471 2514 580 2581 videns
603 2513 664 2579 hoc
684 2512 719 2577 in
739 2533 848 2579 venem
869 2512 1005 2581 eiulatus
1107 2576 1110 2583 .

266 2620 417 2706 Prorupit
439 2625 470 2686 et
491 2621 525 2686 in
547 2621 719 2686 maximam
741 2620 909 2686 stridorem
932 2621 1082 2688 ululatus.

266 2725 306 2794 Se
327 2749 392 2793 non
413 2728 522 2792 valens
545 2727 705 2815 continere
727 2725 859 2810 capillos
882 2726 1040 2807 laceravit,

266 2832 370 2899 Genas
392 2833 518 2898 sulcans
538 2830 699 2917 unguibus
721 2831 762 2896 ad
785 2830 888 2896 filium
909 2830 1077 2898 clamavit:

187 2958 239 2996 soso
269 2937 351 3003 »Fili
372 2939 425 3018 mi,
449 2959 512 3023 quo
534 2940 709 3022 properae?
733 2960 771 3001 ve
793 2936 883 3017 mihi,
906 2958 969 3021 quo
992 2937 1151 3005 traheris?

265 3041 314 3109 Ve
336 3065 392 3109 cur
413 3065 536 3109 muoem
557 3042 691 3121 baiulas,
715 3041 757 3107 ab
778 3042 849 3107 istis
872 3064 936 3126 quo
959 3043 1121 3110 traheris?

266 3145 315 3213 Ve
334 3149 425 3228 mihi,
448 3148 525 3234 quid
546 3169 631 3213 nuno
652 3147 743 3212 video
766 3151 799 3213 te
822 3147 1012 3215 mortificare

265 3253 389 3333 Volunt
410 3259 442 3320 et
463 3254 608 3338 patibulo
630 3253 730 3318 crucis
754 3252 921 3319 cruciare«

265 3357 317 3423 Sic
338 3358 442 3424 Maria
463 3358 655 3445 properabat
675 3361 749 3442 post
770 3355 882 3422 Jesum
903 3341 1061 3441 eiulando,

186 3482 238 3521 ⁴⁰2⁶
265 3462 376 3530 Secute
398 3468 527 3530 suntet
549 3463 610 3529 alie
631 3462 747 3529 femine
768 3463 931 3547 plorando.
1033 3466 1037 3473 '

265 3568 344 3635 (lum
364 3568 476 3635 Jesum
497 3569 562 3634 iam
584 3570 624 3634 ad
646 3569 767 3634 exitum
789 3571 881 3653 porte
903 3569 1114 3651 deduxissent,

267 3674 354 3741 Illuc
367 3697 493 3760 quoque
515 3674 663 3740 mulieres
684 3679 758 3758 post
780 3673 884 3758 ipsum
906 3674 970 3740 iam
993 3677 1161 3759 venissent,

264 3779 440 3846 Conversus
463 3779 557 3846 Jesus
579 3779 704 3845 dicebat
726 3780 767 3844 ad
788 3779 923 3846 feminas
946 3786 1121 3867 sequentes,

264 3883 312 3950 Aa
334 3886 451 3957 desua
472 3887 618 3971 passione
640 3886 782 3953 dolentes
804 3889 901 3970 atque
923 3886 1056 3965 flentes3

187 4010 240 4048 csso
270 3988 370 4056 »Filio
392 3989 577 4070 Jerusalem,
599 4012 658 4074 pro
679 4011 730 4055 me
752 3989 851 4055 nolite
873 3989 958 4070 flere,

262 4096 307 4161 Et
329 4120 387 4182 pro
409 4119 481 4161 mea
502 4095 649 4180 passione
671 4095 786 4161 desiste
808 4094 936 4181 lugere3

263 4201 323 4268 Sed
345 4224 440 4287 super
462 4205 583 4267 vestros
606 4201 690 4267 filios
712 4223 768 4267 vos
791 4201 939 4287 ipsasque
960 4200 1067 4287 lugete

264 4308 308 4372 Et
330 4328 480 4394 magnam
501 4307 630 4393 plagam
652 4307 743 4392 genti
764 4310 868 4373 vestre
890 4307 1142 4395 venturamfloito
1164 4308 1253 4387 flete;

264 4410 349 4478 Nam
371 4413 463 4478 beate
484 4413 616 4493 matilas,
639 4434 700 4498 que
721 4433 787 4477 non
808 4417 996 4498 genuerunt,
1080 4422 1087 4439 ¹
1130 4414 1137 4429 '
