3000 5125
116 1560 255 1653 Incipit
280 1562 458 1656 prologus
486 1562 523 1632 in
553 1561 670 1632 vitam
699 1560 860 1654 gloriose
887 1559 1041 1654 virginis
1069 1559 1197 1632 Maria

308 1820 442 1887 Sanctus
464 1819 684 1906 Epyphanius,
706 1822 817 1886 doctor
839 1822 992 1901 veritatis,

244 1926 403 1993 Salamine
424 1920 572 1992 Pontifex
595 1925 691 2011 Cypri
717 1926 866 2005 civitatis,

205 2031 212 2046 ’
247 2032 291 2097 Et
314 2036 441 2097 sanctus
460 2030 616 2118 Ignatius,
639 2055 731 2098 verus
755 2037 877 2117 martyr
899 2034 958 2112 dei,

244 2138 401 2204 Johannis
423 2139 595 2224 discipulus
618 2139 678 2202 filii
701 2137 844 2218 Zebedei‚

206 2262 218 2301 ὅ
244 2244 288 2308 Et
310 2242 473 2308 Johannes
496 2243 721 2323 Damascenus,
744 2243 799 2328 qui
822 2242 1058 2328 philosophiam

244 2348 378 2414 Omnem
401 2372 491 2413 suam
515 2349 675 2414 revocavit
697 2348 838 2411 divinam
861 2349 895 2412 in
918 2349 1031 2428 usiam,

226 2455 291 2520 *De
313 2455 417 2520 Maria
436 2455 561 2540 virgine
583 2455 718 2539 quedam
741 2454 1006 2536 conscripserunt,

241 2560 308 2638 Que
330 2562 422 2627 nobis
444 2560 478 2625 in
502 2559 670 2625 autenticis
693 2558 1058 2647 scriptisreliquerunt3

242 2665 430 2732 Retexentes
456 2667 592 2731 breviter
614 2666 714 2730 vitam
737 2665 912 2749 singularis

193 2794 219 2832 ιο
245 2771 391 2860 Virginis
415 2778 446 2838 et
469 2772 632 2859 genitricis
655 2772 740 2857 regis
764 2770 913 2836 eternalis

242 2880 486 2964 Descripserunt
508 2880 653 2944 universe
675 2878 741 2943 vite
764 2900 819 2942 sue
842 2880 973 2956 statum,

245 2984 392 3069 Corporis
416 2989 448 3049 et
471 2985 576 3050 anima
598 2985 691 3048 decus
715 2987 747 3047 et
770 2986 929 3073 ornatum.

242 3089 392 3155 Latinum
415 3090 449 3153 in
473 3090 633 3175 eloquium
655 3112 757 3174 nuper
778 3089 837 3153 hec
860 3087 1018 3152 translata
1055 3144 1058 3149 .

244 3191 392 3278 Repperi,
415 3196 469 3259 sed
491 3196 631 3260 nondum
655 3195 758 3258 adhuc
781 3193 907 3276 scriptis
929 3192 1107 3276 propalata.

191 3317 217 3356 1⁶
245 3300 295 3364 hd
318 3298 445 3364 laudern
467 3322 544 3384 ergo
567 3300 702 3384 virginis
726 3300 907 3363 dulcissime
929 3297 1031 3363 Mario

245 3406 290 3470 ,ut
312 3404 390 3470 Jesu
412 3405 610 3470 dilectissimi
632 3407 731 3490 prolis
756 3428 812 3470 sue
834 3405 885 3489 pie

245 3508 306 3574 Illa
327 3510 447 3576 mundo
469 3511 666 3596 propalanda
689 3512 826 3576 scribere
848 3510 972 3575 decrevi

238 3612 326 3680 *Stilo
349 3612 576 3696 licet'rustico
599 3639 743 3682 sermone
767 3621 874 3681 tamen
897 3616 996 3695 brevi,

245 3719 292 3786 Ut
314 3721 384 3804 ipsa
405 3743 478 3786 cum
500 3722 568 3786 filio
591 3722 654 3787 mei
676 3722 819 3788 misereri

61 3828 62 3859 ³
192 3846 217 3884 a
245 3825 405 3913 Dignatur
427 3832 459 3892 et
482 3851 501 3892 a
523 3828 693 3893 demonum
715 3828 838 3913 laqueis
861 3828 955 3908 tueri,

244 3931 288 3996 Et
310 3931 404 3997 Jesus
427 3933 675 4019 benignissimus
699 3933 812 3998 matris
836 3934 877 3998 ob
899 3934 1054 3999 honorem

244 4036 436 4104 Convertere
458 4062 508 4104 mo
530 4040 682 4104 miserum
704 4038 855 4124 dignetur
876 4042 1085 4123 peccatorem.

246 4141 307 4208 Sed
330 4167 368 4209 ex
391 4145 565 4230 evangeliis
588 4145 728 4229 plurima
750 4144 877 4230 collegi,

244 4248 312 4325 Quo
335 4251 557 4316 conectens‘in
580 4272 679 4337 unum
703 4249 891 4333 opusculum
914 4248 1032 4334 redegi.

192 4373 217 4410 2⁵
246 4355 380 4421 Sanctus
403 4356 576 4442 Dyonisius
600 4355 794 4441 Ariopagita

243 4462 293 4526 De
315 4462 417 4529 Mario
441 4462 581 4528 transitu
604 4462 717 4527 scribit
740 4484 778 4526 ex
801 4460 860 4526 hac
883 4461 961 4542 vita,
1038 4455 1041 4459 “
