3000 5125
709 431 838 498 11·

195 699 200 712 ἱ
305 610 350 678 Et
372 631 391 675 a
412 606 534 694 peccati
557 605 682 672 macula
703 631 737 673 se
759 609 967 676 custodiebat.

256 736 282 776 cs
308 714 348 782 Sc
370 712 467 780 seculi
489 712 652 797 spurcitiis
672 735 737 779 non
760 716 1010 797 contaminabat,

306 820 419 907 Neque
441 819 552 884 mundi
575 819 713 904 gloriam
736 842 878 906 unquam
901 820 1080 887 affectabat.

305 926 380 993 Non
402 923 575 991 secundum
597 945 719 988 morem
741 924 824 989 vixit
846 925 944 989 seculi
966 948 1177 1007 communem,

306 1034 418 1100 Vitam
441 1053 531 1096 suam
553 1050 708 1115 peragens
730 1053 749 1095 a
773 1030 860 1095 vitiis
881 1032 1067 1097 immunem.

268 1123 274 1132 ⁸
306 1137 432 1204 Nomen
455 1137 522 1201 eius
544 1134 694 1200 Joachim
716 1134 790 1216 fuit,
813 1140 846 1200 et
867 1135 1010 1202 habebat

256 1268 281 1307 ro
308 1244 494 1329 Oonjugem
516 1244 554 1307 ut
576 1241 779 1306 sanctitatem
802 1264 892 1306 suam
914 1243 1116 1309 condecebat.

307 1350 383 1416 Non
404 1348 469 1414 fuit
494 1347 656 1413 dissimilis
678 1348 821 1412 moribus
844 1350 876 1413 et
898 1349 966 1413 vita

309 1456 431 1541 Oonjux
453 1453 540 1531 viro;
564 1452 619 1518 sed
643 1455 711 1517 erat
734 1453 967 1538 obtemperans,
991 1454 1093 1524 etita

313 1560 380 1625 Deo
403 1579 526 1642 semper
548 1556 716 1638 serviebat,
738 1560 776 1622 ut
797 1557 878 1623 vidit
900 1558 1070 1625 facientem
1179 1621 1183 1628 .

313 1664 427 1731 Virum
449 1664 531 1743 eius,
554 1663 707 1728 mundum
729 1666 840 1729 tenens
862 1686 917 1729 cor
939 1665 1078 1731 animam
1101 1671 1133 1731 et
1154 1670 1302 1732 mentem.

261 1793 286 1832 aa
314 1771 410 1838 Anna
431 1791 547 1834 nomen
569 1768 664 1833 huius
687 1769 750 1833 fuit
773 1771 812 1835 de
834 1770 919 1835 tribu
943 1770 1029 1837 Juda
1050 1774 1137 1852 nata,

313 1878 358 1942 Et
380 1878 418 1940 de
440 1875 539 1958 stirpe
562 1874 651 1959 regia
673 1873 777 1939 David
799 1880 987 1961 propagata.

315 1982 366 2048 Ab
390 1981 482 2046 annis
505 1980 563 2044 hec
584 1979 729 2059 infantie,
754 1981 804 2046 vel
827 2004 845 2045 a
867 1981 1042 2063 iuventute,

313 2088 444 2173 Semper
466 2090 535 2151 erat
556 2108 760 2171 perseverans
784 2086 818 2150 in
842 2086 892 2151 dei
915 2087 1084 2165 servitutc3

312 2193 468 2260 Servabat
490 2192 704 2256 innocentiam
727 2214 800 2256 cum
819 2192 922 2257 cordis
945 2194 1097 2276 puritate,
1160 2199 1164 2208 '

262 2320 287 2358 το
314 2300 451 2366 Elucens
474 2297 631 2382 sapientia
654 2319 725 2362 oum
747 2320 873 2362 morum
897 2298 1082 2374 honestate3

316 2405 421 2484 Casta,
443 2402 541 2482 mitis,
565 2402 705 2482 humilis,
728 2404 866 2487 prudens
889 2408 921 2469 et
943 2403 1057 2489 pudica

316 2510 399 2591 Fuit,
423 2513 520 2595 atque
544 2509 694 2574 vitiorum
718 2513 905 2575 cunctorum
927 2509 1074 2587 inimica3

314 2617 399 2696 Non,
422 2620 459 2680 ut
483 2619 551 2680 etas
573 2615 637 2679 ista
660 2614 752 2695 solet,
775 2637 916 2700 unquam
938 2614 1107 2693 lascivivit,

315 2722 375 2789 Sed
399 2744 418 2786 a
440 2721 561 2805 peccati
582 2721 707 2784 macula
730 2743 785 2785 eor
807 2707 874 2786 eius
898 2720 1079 2786 custodiuit.

263 2848 288 2886 rs
314 2827 539 2893 Mandatcrum
562 2824 612 2889 dei
634 2825 684 2889 sni
707 2825 771 2889 fuit
792 2826 992 2891 observatrix

317 2934 361 2998 Et
383 2933 463 3018 legis
486 2931 647 3017 Moysaice
665 2931 845 3016 justissima
866 2931 1007 2997 zelatrir.

315 3037 490 3123 Nunquam
513 3037 617 3101 uirum
640 3037 823 3120 concupivit
845 3038 885 3102 ob
908 3037 1013 3102 caruis
1035 3036 1244 3120 voluptatem,

316 3143 378 3210 Sed
402 3148 437 3208 ut
457 3143 550 3229 legen
573 3142 762 3228 adimpleret
785 3142 897 3228 deique
918 3143 1129 3219 voluntatem,

316 3251 360 3315 Et
383 3254 419 3314 ut
441 3249 561 3335 prolem
585 3250 726 3334 aliquam
749 3252 892 3314 sanctam
914 3249 1104 3334 procrearet,

267 3376 293 3413 ⁸0
320 3357 424 3434 Quam
447 3357 487 3419 ad
509 3354 722 3419 ministerium
745 3354 890 3419 divinum
913 3355 1071 3420 educaret.

317 3459 437 3525 Juncta
459 3481 533 3524 vero
557 3459 626 3523 viro
649 3481 706 3543 suo
729 3459 780 3523 dei
803 3481 860 3543 per
882 3460 1029 3524 timorem

268 3623 278 3640 ,
317 3564 384 3650 Ipsi
406 3565 616 3630 reverentiam
638 3566 792 3650 prebebat
814 3570 847 3630 et
868 3566 1042 3642 honorem3

319 3673 421 3738 Versa
444 3672 510 3736 vice
532 3672 582 3736 vir
604 3672 704 3756 ipsius
727 3673 831 3756 ipsam
854 3672 1018 3757 diligebat,

319 3777 529 3842 Dilectionem
553 3776 693 3842 debitam
716 3777 791 3841 huic
814 3776 995 3841 exhibebat.

267 3903 292 3940 ⁸⁶
320 3884 513 3948 Habitantes
536 3905 612 3969 ergo
635 3883 731 3947 simul
753 3886 896 3947 sanctam
920 3883 1112 3967 peregerunt

319 3991 441 4072 Vitam,
465 3992 497 4056 et
519 3991 552 4054 in
575 3990 729 4055 servitute
751 3988 802 4052 dci
824 3988 1075 4073 permanserunt.

731 4145 747 4178 8

235 4270 259 4325 G
279 4273 313 4326 55
333 4272 370 4327 Et
389 4270 475 4327 seculi
494 4269 644 4341 spurcitias
664 4268 778 4325 omnino
798 4266 978 4323 abhorrebat.
1037 4264 1071 4319 V.
1091 4264 1132 4319 55.
1153 4262 1187 4316 56
1205 4250 1317 4314 sindin

139 4359 377 4430 -Gumgestellt
478 4360 513 4414 56
541 4358 619 4414 ZDe
636 4376 656 4411 s.
742 4358 775 4412 59
804 4354 877 4410 ZN.
899 4355 982 4424 hujus
1087 4354 1121 4407 60
1148 4350 1176 4402 Μ
1194 4348 1317 4402 schreibt

164 4448 291 4503 decebat.
367 4449 402 4502 64
429 4447 458 4501 Μ
477 4448 548 4502 sctzt
567 4448 596 4502 et
615 4464 664 4502 vor
683 4445 818 4500 animam.
902 4445 936 4498 73
955 4443 974 4496 Ζ
993 4439 1155 4497 lasciesivit.
1235 4441 1269 4492 75
1289 4436 1316 4490 Μ

85 4524 87 4529 ’
164 4534 228 4593 luat
247 4536 289 4591 sui
309 4553 378 4607 weg.
440 4535 472 4591 81
493 4553 543 4591 suo
561 4533 607 4589 dei
626 4532 793 4604 umgestellt
812 4530 843 4586 in
861 4531 899 4586 M.
