3000 5125
680 363 742 432 149

292 532 399 622 Atque
421 542 524 605 meam
547 540 683 626 gloriam
705 564 869 629 nunquam
891 548 928 610 tu
951 545 1102 613 videbis«

91 729 102 737 ,
293 642 404 708 Petrus
428 644 488 710 eit:
514 646 577 711 »Et
599 670 663 712 non
686 650 789 715 solum
812 650 905 734 pedes
928 651 1169 732 adlevandum,

210 765 265 803 ⁴³¹⁶
292 747 383 813 Dabo
405 771 518 815 manus
542 754 637 836 etque
659 757 756 837 ceput
778 757 882 818 totum
904 755 944 819 od
967 757 1179 840 oquendum«

292 852 384 919 Jesus
406 856 469 921 eit:
493 854 581 922 »Iam
603 880 658 923 vos
680 860 757 924 estis
779 882 835 944 per
856 883 972 945 equom
994 863 1165 941 emundati,

292 956 407 1025 Omnes
429 964 536 1026 temen
558 963 675 1047 spiritu
696 987 761 1029 non
784 965 860 1030 estis
882 968 1081 1053 expurgati«

291 1062 360 1129 Hoc
382 1065 507 1132 dicebat
528 1072 658 1153 propter
680 1068 798 1135 Judem
820 1070 904 1137 hunc
926 1072 982 1157 qui
1004 1072 1180 1138 traditurus

290 1168 371 1239 Erat
392 1171 498 1253 morti,
522 1173 606 1262 quod
629 1195 694 1242 non
715 1174 771 1240 ille
792 1176 876 1243 forst
898 1176 977 1244 bene
999 1200 1108 1265 purus.

255 1489 358 1575 Quod
385 1490 497 1567 Jesus
524 1515 658 1591 corpus
685 1518 795 1568 suum
818 1495 926 1570 dedit
953 1495 1154 1594 discipulis.

217 1718 270 1757 ⁴³²⁰
297 1701 390 1767 Jesus
412 1705 546 1789 sumptis
569 1705 710 1770 vestibus
732 1705 849 1770 iterum
870 1705 996 1787 resedit,

292 1807 360 1873 Hec
381 1809 488 1874 dicens
510 1810 550 1874 od
572 1809 742 1894 discipulos
764 1811 950 1876 mandatum
972 1810 1037 1876 tole
1059 1811 1166 1877 dedit:

298 1910 406 1978 »Sicut
426 1913 491 1979 lavi
513 1915 603 1980 vobis
626 1914 729 2000 pedes,
753 1915 800 1980 ita
822 1937 878 1980 vos
900 1915 1013 1981 levetis

293 2018 427 2085 Vostros
450 2019 543 2104 pedes
565 2020 700 2085 invicem
723 2022 756 2084 et
776 2023 889 2085 mutuo
911 2020 1031 2086 debetis

248 2118 254 2136 ⁴
292 2122 436 2189 Servitiis
459 2125 589 2191 alterius
612 2148 667 2191 vos
689 2125 869 2205 humiliore,

212 2246 264 2284 ⁴³²⁶
291 2227 463 2296 (toritatem
486 2211 576 2295 iobis
600 2231 714 2295 mondo
737 2233 882 2295 mutuom
904 2251 1060 2296 servare«

290 2333 368 2401 Post
389 2335 450 2402 hoc
471 2359 585 2421 panem
607 2335 738 2402 sustulit
760 2358 854 2421 quem
874 2334 975 2422 fregit
997 2337 1192 2418 benedicens,

291 2438 448 2527 Deditque
469 2441 633 2526 discipulis
655 2442 721 2507 suis
742 2442 791 2506 ite
812 2440 936 2506 dicens:

289 2544 442 2633 Accipite,
464 2547 618 2614 comedite
638 2547 709 2628 hoc,
732 2547 818 2634 quod
839 2546 988 2632 patietur,

290 2652 353 2719 Pro
374 2654 466 2719 vobis
488 2676 594 2719 meum
616 2676 729 2739 corpus
753 2656 810 2733 est,
833 2653 945 2719 devote
968 2653 1205 2719 manducetur«

211 2774 265 2813 ⁴³³⁰
291 2756 443 2825 Similiter
465 2759 500 2825 in
522 2758 618 2824 calice
638 2760 749 2824 vinum
772 2758 943 2838 benedixit,

249 2876 253 2883 ’
291 2862 449 2948 Deditque
470 2863 632 2947 discipulis
654 2863 720 2928 suis
743 2865 840 2947 atque
861 2863 960 2928 dixit:

292 2967 477 3034 »Sumenter
496 2967 576 3034 illud
599 2968 708 3048 bibite,
732 2968 822 3033 vobis
844 2968 905 3033 hoc
926 2969 1068 3048 debetur,

290 3072 379 3138 Meus
401 3074 487 3138 enim
508 3073 638 3159 sanguis
661 3077 718 3152 est,
742 3095 801 3157 pro
822 3072 933 3138 multis
957 3073 1013 3158 qui
1033 3071 1203 3151 fundetur3

291 3178 360 3243 Hoc
381 3179 465 3243 idem
487 3183 519 3243 et
540 3200 596 3244 vos
618 3178 714 3242 facite
736 3181 809 3262 post
830 3200 933 3244 mecm
956 3178 1135 3264 passionem

212 3302 265 3340 4³³⁶
291 3283 495 3350 Peccatorum
518 3284 661 3350 omnium
682 3284 716 3347 in
739 3284 967 3364 remissionem,

289 3389 334 3454 Et
356 3413 412 3474 per
434 3389 514 3455 illud
536 3412 690 3455 memores
710 3391 774 3455 mei
797 3411 924 3476 quoque
945 3390 1025 3470 sitis,

289 3495 364 3561 Nou
387 3495 471 3560 enim
494 3495 603 3560 bibam
625 3496 732 3560 animo
755 3516 886 3580 germen
908 3494 1003 3559 huius
1026 3494 1121 3573 vitis3

291 3600 398 3666 Donec
420 3622 479 3688 ego
502 3623 620 3666 novum
641 3599 721 3665 illud
744 3601 778 3664 in
801 3621 899 3685 regno
922 3598 1023 3683 patris
1046 3598 1108 3664 mei

290 3704 464 3772 Vobiscum
487 3706 594 3771 bibam
616 3707 743 3792 quando
766 3728 823 3771 vos
845 3728 916 3770 sum
937 3703 1102 3770 oblaturus
1125 3703 1184 3768 ei«

190 4020 294 4109 Quod
320 4023 433 4096 Jesus
459 4021 621 4118 predixit
649 4044 689 4094 se
715 4020 945 4095 tradendum
972 4042 1040 4116 per
1065 4018 1091 4091 J
1093 4019 1219 4093 udam.

209 4252 262 4290 cro
288 4231 366 4298 Post
387 4232 446 4297 hec
467 4232 565 4297 verbo
587 4231 702 4317 spiritu
724 4229 818 4295 Jesus
840 4228 1050 4293 conturbetur

289 4338 467 4422 Dicensque
490 4337 651 4421 discipulis
673 4337 707 4400 in
729 4358 763 4401 se
785 4335 1011 4401 contristetur:

292 4441 347 4513 >In
371 4441 431 4510 hac
453 4446 545 4514 nocte
568 4447 712 4514 vostrum
734 4464 816 4511 uuus
837 4445 886 4511 est
908 4461 959 4509 me
982 4439 1167 4521 traditurus,
