3000 5125
608 415 611 421 .
713 350 776 418 119

238 507 299 581 ao
326 523 353 589 0
375 523 591 589 descensus
614 528 647 590 et
669 524 769 591 suen
791 524 870 592 ssu
893 526 1029 610 ohne,

323 629 406 707 Quid
427 629 488 694 tibi
510 631 663 695 solacium
684 631 821 697 contulit
843 633 1002 717 baptiste!

324 733 351 799 Ο
373 735 618 801 adolescentium
640 736 769 802 collatio
793 738 937 819 duorum,

326 839 403 917 Quis
424 840 581 906 mediator
603 841 697 907 exibit
719 846 751 907 et
774 842 894 909 arbiter
915 847 1041 910 eorum!

324 942 351 1009 0
374 945 458 1010 dulci
479 946 735 1013 conventiculum
756 948 905 1014 iuvenum
927 950 1071 1030 istorum,

241 1069 299 1107 eras
325 1049 478 1136 Felixque
499 1054 693 1118 consortium
715 1052 831 1119 horum
853 1058 1044 1139 puerorum!

322 1145 434 1221 Fuisse
457 1156 568 1222 vellem
591 1157 712 1224 arbiter
734 1163 830 1244 atque
853 1159 1009 1225 mediator

320 1260 465 1345 Ipsorum
487 1262 664 1330 collationis
686 1267 719 1329 et
741 1264 979 1330 determinatur.

324 1364 350 1431 Ο
373 1365 546 1447 Johannes,
569 1368 706 1451 qualiter
728 1367 810 1433 illud
831 1368 984 1448 meruisti,

319 1474 410 1550 Quod
431 1497 451 1538 a
471 1472 550 1539 Jesu
571 1475 710 1559 gratiam
731 1479 857 1541 tantam
878 1475 1034 1561 recepisti,

238 1599 295 1636 ³4⁴⁰
320 1577 422 1645 Utin
444 1581 556 1646 matris
578 1583 669 1645 utero
691 1603 748 1666 per
769 1581 855 1646 hunc
877 1580 1091 1645 sanctificatus

320 1683 426 1763 Esses,
449 1687 481 1749 et
502 1684 536 1747 in
559 1684 687 1749 heremo
708 1707 766 1770 per
787 1706 860 1749 eum
882 1684 1047 1750 visitatus!

320 1787 399 1854 Cum
421 1789 543 1855 veniret
564 1788 724 1856 Nazareth
746 1789 840 1857 Jesus
862 1813 918 1856 sue
940 1789 1037 1856 matri

323 1890 486 1958 Serviebat
508 1897 604 1978 atque
625 1892 747 1979 Joseph
768 1898 932 1979 tamquam
954 1916 1012 1960 suo
1034 1895 1129 1980 patri.

321 1996 472 2062 Attamen
495 1996 536 2061 ab
558 2019 651 2082 opere
673 1999 808 2063 retraxit
829 2021 862 2065 se
884 1998 1001 2079 servili,

240 2120 295 2158 ³4⁴⁶
320 2100 415 2182 Nam,
437 2116 510 2167 oum
532 2107 614 2168 asset
636 2102 815 2168 adolescens
837 2103 924 2167 etin
947 2102 1079 2169 iuvenili

318 2208 423 2288 Eltate,
446 2230 568 2293 semper
590 2228 770 2294 synagogas
793 2207 912 2274 vicinas
934 2207 1167 2293 frequentabat,

318 2314 363 2380 nt
384 2313 468 2379 circa
489 2313 700 2378 ministerium
722 2334 884 2379 sacrorum
905 2312 1092 2393 laborabat,

319 2417 404 2483 Nam
428 2416 518 2484 labor
540 2418 607 2483 eius
629 2440 751 2503 semper
773 2422 842 2483 erat
864 2419 898 2482 in
921 2418 971 2483 dei
992 2419 1154 2499 servitute,

302 2522 400 2590 ‹Tam
421 2524 456 2589 in
477 2523 688 2592 adolescentia
710 2546 807 2610 quam
828 2524 863 2589 in
888 2524 1061 2591 iuventute.

140 2926 405 3019 Soliloquium
433 2926 531 3020 quod
551 2926 684 2999 habuit
699 2926 811 2999 lesus
832 2947 917 2998 cnm
932 2921 1052 2998 Maria
1072 2925 1194 2997 matre
1223 2949 1316 3023 sua.v

238 3178 291 3216 ³⁴⁵⁰
317 3159 396 3245 Sepe
418 3181 491 3225 cum
512 3157 693 3223 dulcissimo
715 3152 794 3222 Jesu
815 3156 973 3222 residebat

319 3264 423 3331 Maria
444 3263 596 3341 solitaria,
611 3283 691 3347 ⁸cum
712 3261 844 3346 ipsoque
866 3262 997 3327 tenebat

316 3370 416 3436 Dulce
438 3369 651 3453 soliloquium,
674 3368 859 3452 diversaque
880 3367 1041 3451 querebat,

313 3473 384 3551 <Qua
406 3479 519 3540 cuncta
540 3472 784 3558 prudentissime
806 3470 900 3538 Jesus
923 3473 1110 3559 exponebat.

82 3630 87 3639 .
223 3580 269 3645 Μ.
315 3579 374 3644 nie
394 3601 471 3665 ergo
493 3578 615 3644 Maria:
647 3576 855 3644 »Dulcissimo
876 3578 922 3642 mi
942 3583 1026 3659 nate,

237 3702 290 3740 ³⁴⁶⁶
316 3681 517 3770 Interrogare
538 3684 632 3749 liceat
654 3682 734 3747 mihi
756 3682 891 3767 quedam
914 3705 933 3747 a
954 3686 1031 3749 aas«

238 3787 270 3854 J.
315 3787 408 3854 Jesus
430 3789 492 3854 ait:
518 3787 565 3853 »Ο
587 3788 632 3853 mi
655 3791 765 3866 mater,
788 3809 849 3872 que
870 3787 919 3852 vis
940 3789 1138 3874 interrogare

315 3892 438 3958 Poteris
461 3897 494 3957 et
515 3914 553 3958 ea
573 3891 634 3956 tibi
657 3914 727 3957 sum
749 3895 858 3976 presto
880 3893 1049 3958 revelare<

224 4000 269 4066 M.
314 3999 372 4065 Ait
394 4020 490 4085 ergo:
515 3997 604 4063 »Fili
619 3997 674 4078 mi,
697 3998 762 4064 scio
784 3998 868 4082 quod
891 3992 924 4062 es
947 3998 1033 4079 deus,
1112 4019 1114 4022 ⁴

172 4092 181 4111 ⁸
313 4103 422 4190 Atque
439 4104 489 4170 dei
511 4104 607 4185 filius,
629 4104 684 4169 sed
706 4103 863 4188 quomodo
884 4107 921 4168 tn
943 4126 1031 4168 meus

236 4229 288 4267 ⁸⁴0⁰
315 4209 410 4281 Nunc
432 4210 474 4275 sis
496 4208 599 4276 factrus
621 4208 716 4290 filius,
738 4209 799 4274 hoc
821 4209 947 4294 penitus
969 4210 1093 4295 ignoro,

315 4314 362 4381 Ut
383 4314 444 4380 hoc
465 4315 546 4379 mihi
567 4319 800 4380 sacramentum
822 4337 939 4380 reseres
961 4337 1084 4381 exoro«

236 4417 267 4484 J.
316 4420 433 4521 »Eram
455 4421 489 4485 in
511 4420 668 4507 principio
690 4442 812 4507 semper
834 4421 918 4507 apud
940 4421 1042 4503 deum,
1102 4431 1105 4437 ’
