3000 5125
705 421 747 487 63

306 595 387 661 Cum
409 597 467 662 deo
489 596 540 662 vel
562 619 633 661 cum
657 596 780 681 angelis
803 596 837 659 in
860 594 1079 660 collocutione.

305 701 358 766 Ab
381 702 495 788 angelo
519 701 650 767 cottidie
672 701 780 767 cibum
801 699 955 785 capiebat,

304 806 405 883 Quem
428 829 551 892 semper
572 808 606 871 in
629 806 760 872 meridie
782 805 844 870 sibi
865 804 1037 871 deferebat.

220 932 278 969 1⁶⁷⁰
306 911 374 977 Nos
397 913 523 992 scimus,
547 913 623 997 quia
645 912 764 977 munda
787 917 835 977 est
857 916 889 977 et
911 911 1124 988 immaculate,

305 1016 492 1102 Pudoreque
515 1017 660 1101 virgineo
682 1014 763 1081 bene
786 1020 1001 1082 conservatas

306 1121 367 1187 Sed
389 1122 493 1187 Maria
515 1122 680 1186 dominum
703 1122 816 1186 devote
838 1121 1033 1206 deprecatur,

304 1226 351 1293 Ut
373 1226 561 1293 sacramenti
584 1227 702 1292 veritas
724 1225 846 1311 Joseph
868 1227 1062 1292 ostendatur.

186 1543 302 1629 Quod
329 1543 354 1616 J
357 1544 471 1639 oseph
498 1544 649 1619 volebat
677 1544 822 1618 occulte
852 1544 1043 1618 dimittere
1071 1544 1241 1618 Mariam.

303 1751 417 1816 Adhuc
439 1752 478 1816 de
499 1750 586 1816 facto
610 1752 744 1837 virginis
767 1750 888 1839 Joseph
913 1755 1097 1821 vaccillante

223 1875 277 1915 1⁶⁷⁶
303 1858 348 1922 Et
370 1858 410 1922 ab
433 1880 469 1922 ea
492 1857 530 1921 de
553 1879 610 1922 sua
631 1857 710 1942 fuga
732 1859 904 1943 cogitante,

303 1963 448 2047 Angelus
471 1961 622 2045 apparuit
644 1961 699 2045 qui
723 1961 848 2026 dicebat
870 1963 916 2027 ei:

306 2065 446 2151 »Joseph
468 2066 516 2130 fili
539 2068 624 2153 regis
647 2066 749 2131 David
773 2072 870 2153 atque
892 2091 981 2135 serve
1004 2071 1054 2136 dei

302 2172 438 2238 Mariam
461 2176 550 2237 tuam
573 2173 741 2258 coniugem
764 2177 801 2237 tu
823 2173 890 2238 noli
911 2176 1040 2241 timere!

300 2277 418 2363 Accipe
439 2300 498 2364 pro
520 2278 607 2343 socia
627 2282 800 2363 sanctaque
822 2282 950 2359 tenere;

222 2406 275 2444 nso
302 2384 387 2450 Illud
409 2385 494 2451 enim
516 2385 601 2470 quod
623 2385 657 2449 in
680 2408 717 2450 ea
740 2386 828 2450 vides
851 2408 918 2451 esse
941 2392 1063 2466 natum,

300 2492 370 2558 Hoc
392 2492 430 2557 de
453 2496 563 2556 sancto
586 2491 708 2576 spiritu
724 2491 804 2556 scias
828 2491 1024 2558 inchoatum.

300 2598 386 2663 Nam
408 2597 562 2681 concepit,
585 2597 674 2662 salva
695 2602 804 2663 tamen
826 2621 884 2663 sua
906 2600 1101 2685 virginitate,

299 2705 408 2771 Pariet
430 2708 462 2769 et
483 2703 583 2768 filiam
606 2703 739 2787 plenum·
758 2704 885 2769 deitate.

300 2809 362 2875 Hic
384 2814 433 2875 est
455 2809 505 2874 dei
528 2808 613 2873 filius
636 2808 692 2893 qui
714 2806 813 2874 Israel
836 2809 984 2890 salvabit,

222 2933 275 2972 1⁶⁸⁶
300 2915 345 2979 Et
367 2938 386 2980 a
408 2914 544 2999 peccatis
566 2913 712 2979 homines
734 2914 803 2998 ipse
824 2915 984 2985 liberabit.

298 3020 454 3105 Jesusque
477 3020 644 3085 vocabitur
665 3042 743 3104 puer
765 3043 837 3085 oum
860 3024 1016 3100 nascetur,

179 3150 182 3155 ·
297 3125 382 3191 Illud
404 3148 519 3190 nomen
541 3126 707 3210 proprium
730 3148 749 3190 a
772 3129 804 3191 te
826 3126 888 3190 sibi
910 3126 1012 3191 detur.

299 3231 351 3296 Ad
373 3230 434 3295 hoc
456 3229 554 3315 elegit
576 3235 608 3295 te
631 3231 717 3309 deus,
740 3234 778 3295 ut
799 3229 1028 3295 incarnationis

300 3337 405 3421 Ipsius
427 3336 605 3399 misterium
628 3358 684 3401 seu
707 3336 934 3420 redemptionis

222 3463 272 3500 mco
299 3442 442 3506 Humani
463 3440 525 3505 tibi
546 3442 671 3525 generis
693 3442 797 3526 primo
820 3442 984 3522 revelaret,

302 3546 406 3631 Atque
428 3568 519 3609 suam
541 3546 728 3631 genitricem
751 3546 812 3610 tibi
834 3547 1068 3611 commendaret
1082 3549 1108 3610 !‹

297 3650 418 3736 Joseph
440 3655 477 3714 ut
498 3653 649 3735 cognovit
671 3673 738 3716 rem
761 3674 869 3716 veram
892 3652 1082 3717 sacramenti

298 3757 465 3822 Revelavit
487 3756 640 3821 visionem
664 3757 784 3842 virgini
807 3758 939 3821 merent‘

295 3863 409 3947 Mario,
432 3884 560 3947 rogans,
584 3857 621 3928 ut
643 3864 672 3929 ei
695 3864 858 3929 remittere
879 3864 1029 3950 dignetur

220 3985 271 4024 1⁶⁰⁵
297 3966 461 4048 Iniuriam,
484 3969 568 4053 quod
590 3969 683 4034 facile
704 3992 762 4053 per
782 3970 885 4053 ipsam
908 3970 1080 4034 obtinetur.

298 4072 453 4157 Sponsam
476 4096 566 4138 suam
588 4071 724 4139 Mariam
747 4073 868 4159 Joseph
891 4079 968 4140 tuno
991 4074 1112 4160 accepit

295 4177 333 4243 In
356 4202 447 4244 suam
468 4201 576 4244 curam
599 4184 631 4245 st
653 4181 682 4246 ei
703 4180 869 4265 providere
891 4181 984 4265 oepit.

296 4282 416 4369 Joseph
439 4285 532 4370 virgo
554 4284 689 4371 virginis
711 4285 750 4350 fit
772 4290 879 4350 custos
900 4284 1068 4350 castitatis.

704 4429 722 4468 s

213 4510 279 4567 1693
296 4511 320 4566 G
339 4509 496 4567 Relevavit
