<?xml version="1.0" encoding="UTF-8"?>
<!DOCTYPE html PUBLIC "-//W3C//DTD XHTML 1.0 Transitional//EN"
    "http://www.w3.org/TR/xhtml1/DTD/xhtml1-transitional.dtd">
<html xmlns="http://www.w3.org/1999/xhtml" xml:lang="en" lang="en">
 <head>
  <title>
</title>
<meta http-equiv="Content-Type" content="text/html;charset=utf-8" />
  <meta name='ocr-system' content='tesseract 3.04.00' />
  <meta name='ocr-capabilities' content='ocr_page ocr_carea ocr_par ocr_line ocrx_word'/>
</head>
<body>
  <div class='ocr_page' id='page_1' title='image "./vitabeatevirgin02vggoog_0102.png"; bbox 0 0 3000 5125; ppageno 0'>
   <div class='ocr_carea' id='block_1_1' title="bbox 800 405 842 470">
    <p class='ocr_par' dir='ltr' id='par_1_1' title="bbox 800 405 842 470">
     <span class='ocr_line' id='line_1_1' title="bbox 800 405 842 470; baseline 0.048 -2"><span class='ocrx_word' id='word_1_1' title='bbox 800 405 842 470; x_wconf 87' lang='lat'>90</span> 
     </span>
    </p>
   </div>
   <div class='ocr_carea' id='block_1_2' title="bbox 332 683 1329 779">
    <p class='ocr_par' dir='ltr' id='par_1_2' title="bbox 332 683 1329 779">
     <span class='ocr_line' id='line_1_2' title="bbox 332 683 1329 779; baseline 0.001 -24"><span class='ocrx_word' id='word_1_2' title='bbox 332 684 385 756; x_wconf 85' lang='lat' dir='ltr'>[le</span> <span class='ocrx_word' id='word_1_3' title='bbox 413 685 602 758; x_wconf 75' lang='lat' dir='ltr'>miraculis</span> <span class='ocrx_word' id='word_1_4' title='bbox 630 707 703 778; x_wconf 88' lang='lat' dir='ltr'>que</span> <span class='ocrx_word' id='word_1_5' title='bbox 730 684 819 758; x_wconf 86' lang='lat' dir='ltr'>fecit</span> <span class='ocrx_word' id='word_1_6' title='bbox 846 705 938 778; x_wconf 87' lang='lat' dir='ltr'>puer</span> <span class='ocrx_word' id='word_1_7' title='bbox 964 683 1075 757; x_wconf 81' lang='lat' dir='ltr'>desua</span> <span class='ocrx_word' id='word_1_8' title='bbox 1102 685 1140 755; x_wconf 89' lang='lat' dir='ltr'>in</span> <span class='ocrx_word' id='word_1_9' title='bbox 1169 685 1329 779; x_wconf 76' lang='lat' dir='ltr'>Egypto,</span> 
     </span>
    </p>
   </div>
   <div class='ocr_carea' id='block_1_3' title="bbox 329 893 1248 1508">
    <p class='ocr_par' dir='ltr' id='par_1_3' title="bbox 329 893 1248 1508">
     <span class='ocr_line' id='line_1_3' title="bbox 406 893 1002 980; baseline -0.002 -20"><span class='ocrx_word' id='word_1_10' title='bbox 406 894 500 960; x_wconf 85' lang='lat' dir='ltr'>Jesus</span> <span class='ocrx_word' id='word_1_11' title='bbox 523 894 586 959; x_wconf 89' lang='lat' dir='ltr'>fuit</span> <span class='ocrx_word' id='word_1_12' title='bbox 608 893 754 960; x_wconf 89' lang='lat' dir='ltr'>subditus</span> <span class='ocrx_word' id='word_1_13' title='bbox 777 917 832 960; x_wconf 89' lang='lat' dir='ltr'>sue</span> <span class='ocrx_word' id='word_1_14' title='bbox 854 896 1002 980; x_wconf 78' lang='lat' dir='ltr'>genitrici</span> 
     </span>
     <span class='ocr_line' id='line_1_4' title="bbox 407 999 1132 1083; baseline 0 -18"><span class='ocrx_word' id='word_1_15' title='bbox 407 1001 452 1065; x_wconf 81' lang='lat' dir='ltr'>Et</span> <span class='ocrx_word' id='word_1_16' title='bbox 475 1000 636 1065; x_wconf 83' lang='lat' dir='ltr'>alummno</span> <span class='ocrx_word' id='word_1_17' title='bbox 658 1022 716 1064; x_wconf 89' lang='lat' dir='ltr'>suo</span> <span class='ocrx_word' id='word_1_18' title='bbox 737 999 857 1083; x_wconf 86' lang='lat' dir='ltr'>Joseph</span> <span class='ocrx_word' id='word_1_19' title='bbox 880 1001 1014 1065; x_wconf 91' lang='lat' dir='ltr'>nimium</span> <span class='ocrx_word' id='word_1_20' title='bbox 1037 999 1132 1067; x_wconf 84' lang='lat' dir='ltr'>felici.</span> 
     </span>
     <span class='ocr_line' id='line_1_5' title="bbox 335 1102 1189 1191; baseline -0.001 -20"><span class='ocrx_word' id='word_1_21' title='bbox 335 1119 338 1127; x_wconf 44' lang='lat'>⁸</span> <span class='ocrx_word' id='word_1_22' title='bbox 406 1107 453 1171; x_wconf 91' lang='lat' dir='ltr'>De</span> <span class='ocrx_word' id='word_1_23' title='bbox 476 1102 580 1170; x_wconf 85' lang='lat' dir='ltr'>viein&#39;o</span> <span class='ocrx_word' id='word_1_24' title='bbox 602 1104 692 1170; x_wconf 85' lang='lat' dir='ltr'>fonte</span> <span class='ocrx_word' id='word_1_25' title='bbox 714 1106 852 1190; x_wconf 89' lang='lat' dir='ltr'>quodam</span> <span class='ocrx_word' id='word_1_26' title='bbox 876 1106 986 1171; x_wconf 86' lang='lat' dir='ltr'>attulit</span> <span class='ocrx_word' id='word_1_27' title='bbox 1008 1107 1189 1191; x_wconf 84' lang='lat' dir='ltr'>frequenter</span> 
     </span>
     <span class='ocr_line' id='line_1_6' title="bbox 329 1211 1235 1295; baseline 0.002 -20"><span class='ocrx_word' id='word_1_28' title='bbox 329 1231 379 1268; x_wconf 72' lang='lat'>25³⁶</span> <span class='ocrx_word' id='word_1_29' title='bbox 407 1212 534 1295; x_wconf 85' lang='lat' dir='ltr'>Aquam</span> <span class='ocrx_word' id='word_1_30' title='bbox 555 1234 610 1276; x_wconf 91' lang='lat' dir='ltr'>sue</span> <span class='ocrx_word' id='word_1_31' title='bbox 632 1212 684 1295; x_wconf 91' lang='lat' dir='ltr'>pie</span> <span class='ocrx_word' id='word_1_32' title='bbox 705 1212 811 1291; x_wconf 90' lang='lat' dir='ltr'>matri,</span> <span class='ocrx_word' id='word_1_33' title='bbox 834 1211 908 1277; x_wconf 88' lang='lat' dir='ltr'>huic</span> <span class='ocrx_word' id='word_1_34' title='bbox 930 1213 1069 1277; x_wconf 89' lang='lat' dir='ltr'>serviens</span> <span class='ocrx_word' id='word_1_35' title='bbox 1092 1213 1235 1278; x_wconf 84' lang='lat' dir='ltr'>libenter.</span> 
     </span>
     <span class='ocr_line' id='line_1_7' title="bbox 405 1315 1061 1402; baseline 0.002 -21"><span class='ocrx_word' id='word_1_36' title='bbox 405 1315 527 1381; x_wconf 86' lang='lat' dir='ltr'>Ibidem</span> <span class='ocrx_word' id='word_1_37' title='bbox 550 1338 672 1382; x_wconf 80' lang='lat' dir='ltr'>necnon</span> <span class='ocrx_word' id='word_1_38' title='bbox 694 1317 750 1381; x_wconf 88' lang='lat' dir='ltr'>alii</span> <span class='ocrx_word' id='word_1_39' title='bbox 773 1319 863 1402; x_wconf 90' lang='lat' dir='ltr'>pueri</span> <span class='ocrx_word' id='word_1_40' title='bbox 885 1317 1061 1383; x_wconf 88' lang='lat' dir='ltr'>hauserunt</span> 
     </span>
     <span class='ocr_line' id='line_1_8' title="bbox 408 1423 1248 1508; baseline 0 -22"><span class='ocrx_word' id='word_1_41' title='bbox 408 1423 534 1506; x_wconf 83' lang='lat' dir='ltr'>Aquam</span> <span class='ocrx_word' id='word_1_42' title='bbox 556 1445 614 1488; x_wconf 89' lang='lat' dir='ltr'>sua</span> <span class='ocrx_word' id='word_1_43' title='bbox 638 1423 765 1487; x_wconf 87' lang='lat' dir='ltr'>vascula</span> <span class='ocrx_word' id='word_1_44' title='bbox 786 1423 974 1508; x_wconf 80' lang='lat' dir='ltr'>quandoque</span> <span class='ocrx_word' id='word_1_45' title='bbox 996 1424 1051 1508; x_wconf 91' lang='lat' dir='ltr'>qui</span> <span class='ocrx_word' id='word_1_46' title='bbox 1073 1423 1248 1508; x_wconf 82' lang='lat' dir='ltr'>fregerunt,</span> 
     </span>
    </p>
   </div>
   <div class='ocr_carea' id='block_1_4' title="bbox 405 1527 1234 1717">
    <p class='ocr_par' dir='ltr' id='par_1_4' title="bbox 405 1527 1234 1717">
     <span class='ocr_line' id='line_1_9' title="bbox 405 1527 1234 1610; baseline 0 -19"><span class='ocrx_word' id='word_1_47' title='bbox 405 1528 467 1604; x_wconf 80' lang='lat' dir='ltr'>Qui</span> <span class='ocrx_word' id='word_1_48' title='bbox 489 1549 561 1591; x_wconf 90' lang='lat' dir='ltr'>cum</span> <span class='ocrx_word' id='word_1_49' title='bbox 583 1527 697 1591; x_wconf 88' lang='lat' dir='ltr'>flerent</span> <span class='ocrx_word' id='word_1_50' title='bbox 718 1548 778 1610; x_wconf 90' lang='lat' dir='ltr'>pro</span> <span class='ocrx_word' id='word_1_51' title='bbox 800 1527 865 1591; x_wconf 90' lang='lat' dir='ltr'>suis</span> <span class='ocrx_word' id='word_1_52' title='bbox 887 1528 1035 1593; x_wconf 85' lang='lat' dir='ltr'>vasculis·</span> <span class='ocrx_word' id='word_1_53' title='bbox 1047 1527 1234 1605; x_wconf 81' lang='lat' dir='ltr'>confractis3</span> 
     </span>
     <span class='ocr_line' id='line_1_10' title="bbox 405 1630 1170 1717; baseline 0.001 -21"><span class='ocrx_word' id='word_1_54' title='bbox 405 1631 474 1697; x_wconf 88' lang='lat' dir='ltr'>Hec</span> <span class='ocrx_word' id='word_1_55' title='bbox 496 1632 541 1697; x_wconf 88' lang='lat' dir='ltr'>eis</span> <span class='ocrx_word' id='word_1_56' title='bbox 562 1631 656 1698; x_wconf 82' lang='lat' dir='ltr'>Jesus</span> <span class='ocrx_word' id='word_1_57' title='bbox 679 1630 816 1696; x_wconf 78' lang='lat' dir='ltr'>reddidit</span> <span class='ocrx_word' id='word_1_58' title='bbox 838 1631 972 1717; x_wconf 75' lang='lat' dir='ltr'>integris</span> <span class='ocrx_word' id='word_1_59' title='bbox 994 1632 1045 1699; x_wconf 84' lang='lat' dir='ltr'>his</span> <span class='ocrx_word' id='word_1_60' title='bbox 1067 1631 1170 1697; x_wconf 85' lang='lat' dir='ltr'>factis.</span> 
     </span>
    </p>
   </div>
   <div class='ocr_carea' id='block_1_5' title="bbox 377 1870 1276 1966">
    <p class='ocr_par' dir='ltr' id='par_1_5' title="bbox 377 1870 1276 1966">
     <span class='ocr_line' id='line_1_11' title="bbox 377 1870 1276 1966; baseline 0.003 -25"><span class='ocrx_word' id='word_1_61' title='bbox 377 1870 484 1954; x_wconf 83' lang='lat' dir='ltr'>Quod</span> <span class='ocrx_word' id='word_1_62' title='bbox 511 1871 622 1943; x_wconf 83' lang='lat' dir='ltr'>Jesus</span> <span class='ocrx_word' id='word_1_63' title='bbox 649 1871 828 1943; x_wconf 89' lang='lat' dir='ltr'>liberavit</span> <span class='ocrx_word' id='word_1_64' title='bbox 854 1873 1013 1964; x_wconf 80' lang='lat' dir='ltr'>puerum</span> <span class='ocrx_word' id='word_1_65' title='bbox 1043 1895 1066 1944; x_wconf 87' lang='lat' dir='ltr'>a</span> <span class='ocrx_word' id='word_1_66' title='bbox 1094 1875 1276 1966; x_wconf 86' lang='lat' dir='ltr'>serpente.</span> 
     </span>
    </p>
   </div>
   <div class='ocr_carea' id='block_1_6' title="bbox 329 2052 1240 2454">
    <p class='ocr_par' dir='ltr' id='par_1_6' title="bbox 329 2052 1240 2454">
     <span class='ocr_line' id='line_1_12' title="bbox 329 2052 1165 2138; baseline 0.004 -22"><span class='ocrx_word' id='word_1_67' title='bbox 329 2071 380 2108; x_wconf 74' lang='lat'>2⁶4⁰</span> <span class='ocrx_word' id='word_1_68' title='bbox 407 2052 468 2119; x_wconf 90' lang='lat' dir='ltr'>Per</span> <span class='ocrx_word' id='word_1_69' title='bbox 489 2058 616 2137; x_wconf 87' lang='lat' dir='ltr'>pratum</span> <span class='ocrx_word' id='word_1_70' title='bbox 639 2075 710 2118; x_wconf 88' lang='lat' dir='ltr'>cum</span> <span class='ocrx_word' id='word_1_71' title='bbox 733 2054 839 2138; x_wconf 87' lang='lat' dir='ltr'>pueris</span> <span class='ocrx_word' id='word_1_72' title='bbox 861 2053 954 2121; x_wconf 85' lang='lat' dir='ltr'>Jesus</span> <span class='ocrx_word' id='word_1_73' title='bbox 979 2054 1165 2134; x_wconf 88' lang='lat' dir='ltr'>ambulavit,</span> 
     </span>
     <span class='ocr_line' id='line_1_13' title="bbox 406 2156 1240 2243; baseline 0.004 -21"><span class='ocrx_word' id='word_1_74' title='bbox 406 2156 541 2242; x_wconf 80' lang='lat' dir='ltr'>Serpens</span> <span class='ocrx_word' id='word_1_75' title='bbox 563 2159 698 2243; x_wconf 88' lang='lat' dir='ltr'>quedam</span> <span class='ocrx_word' id='word_1_76' title='bbox 719 2181 854 2243; x_wconf 91' lang='lat' dir='ltr'>puerum</span> <span class='ocrx_word' id='word_1_77' title='bbox 875 2160 1021 2224; x_wconf 90' lang='lat' dir='ltr'>mordens</span> <span class='ocrx_word' id='word_1_78' title='bbox 1045 2160 1240 2226; x_wconf 80' lang='lat' dir='ltr'>vulneravit&#39;</span> 
     </span>
     <span class='ocr_line' id='line_1_14' title="bbox 402 2263 1190 2329; baseline -0.003 0"><span class='ocrx_word' id='word_1_79' title='bbox 402 2263 461 2329; x_wconf 87' lang='lat' dir='ltr'>Ille</span> <span class='ocrx_word' id='word_1_80' title='bbox 482 2267 547 2329; x_wconf 85' lang='lat' dir='ltr'>iam</span> <span class='ocrx_word' id='word_1_81' title='bbox 568 2286 640 2328; x_wconf 92' lang='lat' dir='ltr'>cum</span> <span class='ocrx_word' id='word_1_82' title='bbox 661 2268 837 2328; x_wconf 86' lang='lat' dir='ltr'>moreretur</span> <span class='ocrx_word' id='word_1_83' title='bbox 858 2268 983 2329; x_wconf 89' lang='lat' dir='ltr'>tumens</span> <span class='ocrx_word' id='word_1_84' title='bbox 1006 2268 1038 2328; x_wconf 89' lang='lat' dir='ltr'>et</span> <span class='ocrx_word' id='word_1_85' title='bbox 1060 2264 1190 2328; x_wconf 90' lang='lat' dir='ltr'>inflatus</span> 
     </span>
     <span class='ocr_line' id='line_1_15' title="bbox 404 2367 1117 2454; baseline 0.001 -21"><span class='ocrx_word' id='word_1_86' title='bbox 404 2368 516 2434; x_wconf 86' lang='lat' dir='ltr'>Subito</span> <span class='ocrx_word' id='word_1_87' title='bbox 539 2390 596 2454; x_wconf 91' lang='lat' dir='ltr'>per</span> <span class='ocrx_word' id='word_1_88' title='bbox 617 2390 752 2453; x_wconf 89' lang='lat' dir='ltr'>puerum</span> <span class='ocrx_word' id='word_1_89' title='bbox 773 2367 885 2433; x_wconf 80' lang='lat' dir='ltr'>desum</span> <span class='ocrx_word' id='word_1_90' title='bbox 906 2373 955 2434; x_wconf 88' lang='lat' dir='ltr'>est</span> <span class='ocrx_word' id='word_1_91' title='bbox 978 2373 1117 2434; x_wconf 87' lang='lat' dir='ltr'>sanatus.</span> 
     </span>
    </p>
   </div>
   <div class='ocr_carea' id='block_1_7' title="bbox 479 2607 1172 2703">
    <p class='ocr_par' dir='ltr' id='par_1_7' title="bbox 479 2607 1172 2703">
     <span class='ocr_line' id='line_1_16' title="bbox 479 2607 1172 2703; baseline 0.003 -24"><span class='ocrx_word' id='word_1_92' title='bbox 479 2607 583 2692; x_wconf 79' lang='lat' dir='ltr'>Quod</span> <span class='ocrx_word' id='word_1_93' title='bbox 610 2609 721 2681; x_wconf 87' lang='lat' dir='ltr'>Jesus</span> <span class='ocrx_word' id='word_1_94' title='bbox 749 2608 1019 2703; x_wconf 84' lang='lat' dir='ltr'>multiplicavit</span> <span class='ocrx_word' id='word_1_95' title='bbox 1045 2632 1172 2702; x_wconf 88' lang='lat' dir='ltr'>panes.</span> 
     </span>
    </p>
   </div>
   <div class='ocr_carea' id='block_1_8' title="bbox 324 2791 1389 4038">
    <p class='ocr_par' dir='ltr' id='par_1_8' title="bbox 404 2791 1123 2877">
     <span class='ocr_line' id='line_1_17' title="bbox 404 2791 1123 2877; baseline 0.006 -22"><span class='ocrx_word' id='word_1_96' title='bbox 404 2791 465 2856; x_wconf 90' lang='lat' dir='ltr'>Die</span> <span class='ocrx_word' id='word_1_97' title='bbox 487 2793 624 2877; x_wconf 88' lang='lat' dir='ltr'>quadam</span> <span class='ocrx_word' id='word_1_98' title='bbox 646 2795 685 2858; x_wconf 91' lang='lat' dir='ltr'>de</span> <span class='ocrx_word' id='word_1_99' title='bbox 706 2793 815 2859; x_wconf 93' lang='lat' dir='ltr'>labore</span> <span class='ocrx_word' id='word_1_100' title='bbox 837 2795 966 2859; x_wconf 87' lang='lat' dir='ltr'>veniens</span> <span class='ocrx_word' id='word_1_101' title='bbox 988 2793 1123 2859; x_wconf 88' lang='lat' dir='ltr'>intravit</span> 
     </span>
    </p>

    <p class='ocr_par' dir='ltr' id='par_1_9' title="bbox 327 2894 1283 3090">
     <span class='ocr_line' id='line_1_18' title="bbox 327 2894 1283 2985; baseline 0.002 -23"><span class='ocrx_word' id='word_1_102' title='bbox 327 2914 379 2951; x_wconf 72' lang='lat'>2⁶4⁶</span> <span class='ocrx_word' id='word_1_103' title='bbox 407 2896 528 2982; x_wconf 88' lang='lat' dir='ltr'>Joseph</span> <span class='ocrx_word' id='word_1_104' title='bbox 551 2899 666 2964; x_wconf 88' lang='lat' dir='ltr'>ducens</span> <span class='ocrx_word' id='word_1_105' title='bbox 689 2900 831 2985; x_wconf 84' lang='lat' dir='ltr'>hospites</span> <span class='ocrx_word' id='word_1_106' title='bbox 854 2902 893 2965; x_wconf 88' lang='lat' dir='ltr'>ad</span> <span class='ocrx_word' id='word_1_107' title='bbox 907 2894 1026 2965; x_wconf 77' lang='lat' dir='ltr'>‘cenam</span> <span class='ocrx_word' id='word_1_108' title='bbox 1049 2922 1128 2984; x_wconf 88' lang='lat' dir='ltr'>quos</span> <span class='ocrx_word' id='word_1_109' title='bbox 1151 2899 1283 2965; x_wconf 88' lang='lat' dir='ltr'>vocavit.</span> 
     </span>
     <span class='ocr_line' id='line_1_19' title="bbox 405 3002 1108 3090; baseline 0.007 -24"><span class='ocrx_word' id='word_1_110' title='bbox 405 3002 542 3067; x_wconf 88' lang='lat' dir='ltr'>Mariam</span> <span class='ocrx_word' id='word_1_111' title='bbox 565 3011 659 3090; x_wconf 82' lang='lat' dir='ltr'>rogat</span> <span class='ocrx_word' id='word_1_112' title='bbox 680 3010 717 3070; x_wconf 90' lang='lat' dir='ltr'>ut</span> <span class='ocrx_word' id='word_1_113' title='bbox 739 3007 784 3071; x_wconf 89' lang='lat' dir='ltr'>eis</span> <span class='ocrx_word' id='word_1_114' title='bbox 807 3007 912 3071; x_wconf 86' lang='lat' dir='ltr'>cibum</span> <span class='ocrx_word' id='word_1_115' title='bbox 935 3007 1108 3086; x_wconf 84' lang='lat' dir='ltr'>exhiberet,</span> 
     </span>
    </p>

    <p class='ocr_par' dir='ltr' id='par_1_10' title="bbox 324 3107 1389 3404">
     <span class='ocr_line' id='line_1_20' title="bbox 324 3107 1310 3196; baseline 0.001 -23"><span class='ocrx_word' id='word_1_116' title='bbox 324 3112 326 3117; x_wconf 82' lang='grc'><strong>’</strong></span> <span class='ocrx_word' id='word_1_117' title='bbox 404 3107 466 3173; x_wconf 87' lang='lat' dir='ltr'>Sed</span> <span class='ocrx_word' id='word_1_118' title='bbox 488 3132 559 3174; x_wconf 89' lang='lat' dir='ltr'>cum</span> <span class='ocrx_word' id='word_1_119' title='bbox 581 3111 638 3174; x_wconf 91' lang='lat' dir='ltr'>illa</span> <span class='ocrx_word' id='word_1_120' title='bbox 659 3110 784 3176; x_wconf 89' lang='lat' dir='ltr'>nullum</span> <span class='ocrx_word' id='word_1_121' title='bbox 805 3134 919 3196; x_wconf 86' lang='lat' dir='ltr'>panem</span> <span class='ocrx_word' id='word_1_122' title='bbox 941 3114 1061 3196; x_wconf 88' lang='lat' dir='ltr'>pistum</span> <span class='ocrx_word' id='word_1_123' title='bbox 1082 3112 1147 3176; x_wconf 90' lang='lat' dir='ltr'>iam</span> <span class='ocrx_word' id='word_1_124' title='bbox 1169 3111 1310 3190; x_wconf 88' lang='lat' dir='ltr'>haberet,</span> 
     </span>
     <span class='ocr_line' id='line_1_21' title="bbox 405 3213 1389 3300; baseline 0.001 -21"><span class='ocrx_word' id='word_1_125' title='bbox 405 3213 478 3279; x_wconf 88' lang='lat' dir='ltr'>Nisi</span> <span class='ocrx_word' id='word_1_126' title='bbox 501 3237 615 3298; x_wconf 87' lang='lat' dir='ltr'>panem</span> <span class='ocrx_word' id='word_1_127' title='bbox 637 3215 796 3279; x_wconf 88' lang='lat' dir='ltr'>modicum</span> <span class='ocrx_word' id='word_1_128' title='bbox 819 3238 912 3300; x_wconf 91' lang='lat' dir='ltr'>quem</span> <span class='ocrx_word' id='word_1_129' title='bbox 935 3216 1028 3281; x_wconf 87' lang='lat' dir='ltr'>iussit</span> <span class='ocrx_word' id='word_1_130' title='bbox 1050 3220 1087 3280; x_wconf 89' lang='lat' dir='ltr'>ut</span> <span class='ocrx_word' id='word_1_131' title='bbox 1108 3218 1260 3299; x_wconf 88' lang='lat' dir='ltr'>portaret,</span> <span class='ocrx_word' id='word_1_132' title='bbox 1384 3240 1389 3249; x_wconf 73' lang='grc'>’</span> 
     </span>
     <span class='ocr_line' id='line_1_22' title="bbox 404 3316 1247 3404; baseline 0.002 -22"><span class='ocrx_word' id='word_1_133' title='bbox 404 3316 497 3383; x_wconf 87' lang='lat' dir='ltr'>Jesus</span> <span class='ocrx_word' id='word_1_134' title='bbox 519 3341 598 3402; x_wconf 87' lang='lat' dir='ltr'>puer</span> <span class='ocrx_word' id='word_1_135' title='bbox 620 3341 713 3403; x_wconf 89' lang='lat' dir='ltr'>super</span> <span class='ocrx_word' id='word_1_136' title='bbox 734 3341 876 3384; x_wconf 89' lang='lat' dir='ltr'>mensam</span> <span class='ocrx_word' id='word_1_137' title='bbox 899 3321 1096 3404; x_wconf 88' lang='lat' dir='ltr'>eundemque</span> <span class='ocrx_word' id='word_1_138' title='bbox 1119 3321 1247 3400; x_wconf 84' lang='lat' dir='ltr'>locaret,</span> 
     </span>
    </p>

    <p class='ocr_par' dir='ltr' id='par_1_11' title="bbox 326 3422 1127 3508">
     <span class='ocr_line' id='line_1_23' title="bbox 326 3422 1127 3508; baseline 0.015 -32"><span class='ocrx_word' id='word_1_139' title='bbox 326 3441 377 3480; x_wconf 70' lang='lat' dir='ltr'>reso</span> <span class='ocrx_word' id='word_1_140' title='bbox 404 3422 497 3488; x_wconf 88' lang='lat' dir='ltr'>Jesus</span> <span class='ocrx_word' id='word_1_141' title='bbox 520 3424 629 3488; x_wconf 89' lang='lat' dir='ltr'>statim</span> <span class='ocrx_word' id='word_1_142' title='bbox 651 3423 805 3507; x_wconf 89' lang='lat' dir='ltr'>plurimos</span> <span class='ocrx_word' id='word_1_143' title='bbox 828 3446 925 3508; x_wconf 86' lang='lat' dir='ltr'>panes</span> <span class='ocrx_word' id='word_1_144' title='bbox 948 3425 1127 3505; x_wconf 80' lang='lat' dir='ltr'>efferrebat,</span> 
     </span>
    </p>

    <p class='ocr_par' dir='ltr' id='par_1_12' title="bbox 405 3528 1256 3931">
     <span class='ocr_line' id='line_1_24' title="bbox 406 3528 1224 3614; baseline 0.004 -22"><span class='ocrx_word' id='word_1_145' title='bbox 406 3528 493 3604; x_wconf 80' lang='lat' dir='ltr'>Quos</span> <span class='ocrx_word' id='word_1_146' title='bbox 515 3552 618 3594; x_wconf 88' lang='lat' dir='ltr'>coram</span> <span class='ocrx_word' id='word_1_147' title='bbox 645 3529 825 3614; x_wconf 89' lang='lat' dir='ltr'>hospitibus</span> <span class='ocrx_word' id='word_1_148' title='bbox 847 3530 881 3593; x_wconf 93' lang='lat' dir='ltr'>in</span> <span class='ocrx_word' id='word_1_149' title='bbox 904 3551 1012 3596; x_wconf 89' lang='lat' dir='ltr'>mensa</span> <span class='ocrx_word' id='word_1_150' title='bbox 1035 3531 1224 3614; x_wconf 80' lang='lat' dir='ltr'>reponebat3</span> 
     </span>
     <span class='ocr_line' id='line_1_25' title="bbox 405 3633 1204 3719; baseline 0.006 -21"><span class='ocrx_word' id='word_1_151' title='bbox 405 3633 483 3698; x_wconf 83' lang='lat' dir='ltr'>Albi</span> <span class='ocrx_word' id='word_1_152' title='bbox 504 3635 598 3700; x_wconf 90' lang='lat' dir='ltr'>nimis</span> <span class='ocrx_word' id='word_1_153' title='bbox 622 3657 718 3719; x_wconf 85' lang='lat' dir='ltr'>panes</span> <span class='ocrx_word' id='word_1_154' title='bbox 742 3635 777 3699; x_wconf 90' lang='lat' dir='ltr'>hi</span> <span class='ocrx_word' id='word_1_155' title='bbox 796 3634 927 3700; x_wconf 88' lang='lat' dir='ltr'>fuerunt</span> <span class='ocrx_word' id='word_1_156' title='bbox 948 3640 981 3700; x_wconf 89' lang='lat' dir='ltr'>et</span> <span class='ocrx_word' id='word_1_157' title='bbox 1002 3636 1124 3719; x_wconf 90' lang='lat' dir='ltr'>saporis</span> <span class='ocrx_word' id='word_1_158' title='bbox 1199 3692 1204 3703; x_wconf 94' lang='grc'><em>,</em></span> 
     </span>
     <span class='ocr_line' id='line_1_26' title="bbox 405 3738 1105 3825; baseline 0.006 -22"><span class='ocrx_word' id='word_1_159' title='bbox 405 3738 519 3804; x_wconf 82' lang='lat' dir='ltr'>Suavis</span> <span class='ocrx_word' id='word_1_160' title='bbox 543 3744 639 3825; x_wconf 90' lang='lat' dir='ltr'>atque</span> <span class='ocrx_word' id='word_1_161' title='bbox 661 3741 741 3804; x_wconf 91' lang='lat' dir='ltr'>varii</span> <span class='ocrx_word' id='word_1_162' title='bbox 763 3741 900 3825; x_wconf 91' lang='lat' dir='ltr'>mirique</span> <span class='ocrx_word' id='word_1_163' title='bbox 922 3740 1058 3805; x_wconf 88' lang='lat' dir='ltr'>dulcoris</span> <span class='ocrx_word' id='word_1_164' title='bbox 1099 3790 1105 3807; x_wconf 92' lang='lat'><strong>.</strong></span> 
     </span>
     <span class='ocr_line' id='line_1_27' title="bbox 405 3845 1256 3931; baseline 0.001 -21"><span class='ocrx_word' id='word_1_165' title='bbox 405 3845 616 3911; x_wconf 69' lang='lat' dir='ltr'>comederunt</span> <span class='ocrx_word' id='word_1_166' title='bbox 639 3869 747 3911; x_wconf 89' lang='lat' dir='ltr'>omnes</span> <span class='ocrx_word' id='word_1_167' title='bbox 771 3847 862 3931; x_wconf 89' lang='lat' dir='ltr'>panis</span> <span class='ocrx_word' id='word_1_168' title='bbox 885 3869 1029 3931; x_wconf 89' lang='lat' dir='ltr'>saporem</span> <span class='ocrx_word' id='word_1_169' title='bbox 1052 3847 1256 3911; x_wconf 84' lang='lat' dir='ltr'>ammirantes</span> 
     </span>
    </p>

    <p class='ocr_par' dir='ltr' id='par_1_13' title="bbox 326 3934 1319 4038">
     <span class='ocr_line' id='line_1_28' title="bbox 326 3934 1319 4038; baseline 0.002 -23"><span class='ocrx_word' id='word_1_170' title='bbox 326 3968 378 4006; x_wconf 74' lang='lat'>2⁵⁵⁵</span> <span class='ocrx_word' id='word_1_171' title='bbox 405 3950 516 4016; x_wconf 89' lang='lat' dir='ltr'>Preter</span> <span class='ocrx_word' id='word_1_172' title='bbox 538 3953 636 4017; x_wconf 90' lang='lat' dir='ltr'>solam</span> <span class='ocrx_word' id='word_1_173' title='bbox 661 3956 796 4017; x_wconf 88' lang='lat' dir='ltr'>matrem</span> <span class='ocrx_word' id='word_1_174' title='bbox 818 3951 896 4017; x_wconf 84' lang='lat' dir='ltr'>Jesu</span> <span class='ocrx_word' id='word_1_175' title='bbox 918 3953 1039 4018; x_wconf 84' lang='lat' dir='ltr'>factum</span> <span class='ocrx_word' id='word_1_176' title='bbox 1061 3953 1255 4038; x_wconf 80' lang='lat' dir='ltr'>ignorantes.</span> <span class='ocrx_word' id='word_1_177' title='bbox 1315 3934 1319 3944; x_wconf 35' lang='grc' dir='ltr'>Ι</span> 
     </span>
    </p>
   </div>
   <div class='ocr_carea' id='block_1_9' title="bbox 248 4171 1392 4367">
    <p class='ocr_par' dir='ltr' id='par_1_14' title="bbox 248 4171 1392 4367">
     <span class='ocr_line' id='line_1_29' title="bbox 248 4171 1392 4256; baseline -0.002 -14"><span class='ocrx_word' id='word_1_178' title='bbox 248 4171 350 4256; x_wconf 80' lang='lat' dir='ltr'>Quod</span> <span class='ocrx_word' id='word_1_179' title='bbox 379 4172 500 4243; x_wconf 88' lang='lat' dir='ltr'>Maria</span> <span class='ocrx_word' id='word_1_180' title='bbox 535 4172 604 4244; x_wconf 89' lang='lat' dir='ltr'>dea</span> <span class='ocrx_word' id='word_1_181' title='bbox 638 4194 717 4245; x_wconf 91' lang='lat' dir='ltr'>esse</span> <span class='ocrx_word' id='word_1_182' title='bbox 745 4171 941 4244; x_wconf 88' lang='lat' dir='ltr'>dicebatur</span> <span class='ocrx_word' id='word_1_183' title='bbox 980 4176 1020 4244; x_wconf 91' lang='lat' dir='ltr'>et</span> <span class='ocrx_word' id='word_1_184' title='bbox 1046 4173 1157 4245; x_wconf 78' lang='lat' dir='ltr'>lesus</span> <span class='ocrx_word' id='word_1_185' title='bbox 1185 4172 1291 4245; x_wconf 80' lang='lat' dir='ltr'>lovis</span> <span class='ocrx_word' id='word_1_186' title='bbox 1319 4192 1392 4245; x_wconf 88' lang='lat' dir='ltr'>esse</span> 
     </span>
     <span class='ocr_line' id='line_1_30' title="bbox 704 4294 938 4367; baseline 0.004 -1"><span class='ocrx_word' id='word_1_187' title='bbox 704 4294 938 4367; x_wconf 85' lang='lat' dir='ltr'>credebatur.</span> 
     </span>
    </p>
   </div>
   <div class='ocr_carea' id='block_1_10' title="bbox 404 4476 1128 4558">
    <p class='ocr_par' dir='ltr' id='par_1_15' title="bbox 404 4476 1128 4558">
     <span class='ocr_line' id='line_1_31' title="bbox 404 4476 1128 4558; baseline -0.001 -15"><span class='ocrx_word' id='word_1_188' title='bbox 404 4476 508 4543; x_wconf 88' lang='lat' dir='ltr'>Maria</span> <span class='ocrx_word' id='word_1_189' title='bbox 530 4499 602 4541; x_wconf 91' lang='lat' dir='ltr'>cum</span> <span class='ocrx_word' id='word_1_190' title='bbox 624 4477 783 4544; x_wconf 85' lang='lat' dir='ltr'>extraneis</span> <span class='ocrx_word' id='word_1_191' title='bbox 806 4478 850 4542; x_wconf 89' lang='lat' dir='ltr'>sic</span> <span class='ocrx_word' id='word_1_192' title='bbox 873 4478 1128 4558; x_wconf 84' lang='lat' dir='ltr'>conversabatur,</span> 
     </span>
    </p>
   </div>
   <div class='ocr_carea' id='block_1_11' title="bbox 0 0 1521 5124">
    <p class='ocr_par' dir='ltr' id='par_1_16' title="bbox 0 0 1521 5124">
     <span class='ocr_line' id='line_1_32' title="bbox 0 0 1521 5124; baseline 0 0"><span class='ocrx_word' id='word_1_193' title='bbox 0 0 1521 5124; x_wconf 95' lang='lat' dir='ltr'> </span> 
     </span>
    </p>
   </div>
  </div>
 </body>
</html>
