3000 5125
707 368 768 440 121

301 544 367 610 ,Et
389 566 408 609 5
429 541 565 628 peccatis
588 540 753 606 hominum
775 562 876 626 genus
898 541 1127 607 liberandum«

222 652 276 717 M.
324 648 527 714 »Humanum
548 667 649 733 genus
671 648 818 732 qualiter,
841 647 886 714 mi
907 647 965 727 fili,
988 647 1140 714 liberabis

321 756 366 822 nt
387 753 545 839 quomodo
565 751 741 818 Levisthan
763 752 876 820 dilecte
897 753 942 818 mi
963 753 1122 839 ligabis&

245 860 278 927 J.
326 860 406 925 »Per
427 862 563 924 mortem
585 881 681 943 quam
704 879 854 945 passurus
876 880 956 937 sum,
979 859 1073 923 nimis
1095 860 1288 940 innocenter,

239 986 295 1024 5555
320 965 402 1032 Mihi
424 983 520 1049 quam
542 963 717 1030 Leviethan
740 964 868 1029 inducet
889 963 1116 1045 fraudulenter,

323 1072 385 1149 Qui
406 1072 533 1136 seducet
553 1069 650 1154 impie
671 1073 800 1155 gentem
823 1069 1007 1149 Judeorum,

320 1176 367 1244 Ut
389 1176 470 1242 mihi
490 1180 626 1242 mortem
648 1175 798 1260 ingerant
822 1175 938 1242 nalum
959 1175 995 1240 in
1016 1195 1154 1240 eorum«

226 1284 276 1349 Μ.
324 1283 400 1362 ›Ve,
425 1284 480 1348 ve!
503 1281 561 1361 lili,
583 1281 660 1365 quid
682 1281 800 1361 dixisti,
823 1281 978 1365 numquid
999 1279 1149 1345 occideris

321 1387 449 1454 Illatam
472 1409 513 1451 an
535 1386 578 1452 ab
599 1387 707 1473 aliquo
728 1391 865 1454 mortem
886 1386 1060 1471 patierist«

243 1493 275 1560 J.
325 1492 434 1570 »Quod
456 1493 522 1558 dixi
543 1515 608 1558 non
631 1493 799 1558 contristet
820 1496 862 1572 te,
885 1487 1053 1558 mimator
1069 1513 1094 1557 -o
1108 1490 1221 1570 Maria,

210 1604 212 1606 ’
320 1598 358 1664 In
380 1621 431 1664 me
453 1609 528 1664 nam
548 1598 735 1683 implebitur
756 1599 858 1664 omnis
881 1597 1067 1683 prophetia3

321 1703 373 1769 Ad
395 1704 455 1769 hbc
478 1704 562 1769 enim
583 1704 698 1769 missure
721 1727 801 1784 sum,
825 1704 917 1771 utin
940 1725 991 1770 me
1013 1703 1209 1788 compleatur

321 1806 485 1891 Scriptura
506 1827 563 1892 per
583 1830 635 1874 me
656 1808 797 1872 seculum
820 1808 1008 1873 salvandum
1030 1829 1091 1892 que
1113 1809 1280 1872 testatur<

228 1914 274 1979 M.
322 1912 370 1979 >0
392 1914 440 1978 fili
462 1913 516 1992 mi,
539 1934 726 1978 concussum
748 1918 798 1977 est
819 1934 873 1977 eor
894 1934 1001 1978 meum
1023 1892 1055 1978 bt
1077 1911 1215 1996 expetit,

241 2038 294 2075 5555
322 2018 365 2082 Et
386 2017 448 2082 hoc
471 2017 613 2097 verbum,
637 2018 722 2102 quod
744 2018 863 2098 dixisti,
885 2018 1055 2083 menimis
1076 2015 1288 2084 conturbavit.

320 2121 404 2190 Nem
427 2122 535 2187 audire
558 2126 692 2187 mortem
715 2127 805 2188 tuam
826 2123 1001 2188 maximum
1023 2123 1162 2187 dolorem
1278 2180 1281 2186 .

320 2227 414 2293 Cordi
435 2248 506 2291 meo
529 2231 662 2311 generat
685 2231 717 2293 et
739 2228 870 2313 spiritus
894 2249 1080 2293 merorem<

206 2353 208 2355 ·
243 2332 275 2399 J.
324 2330 416 2398 »Non
438 2331 621 2410 recordaris,
645 2336 747 2397 mater
770 2331 823 2411 mi,
847 2330 1017 2398 verborum
1039 2330 1204 2412 Simeonis,

320 2436 454 2514 Quando
475 2441 514 2501 tu
534 2459 584 2501 me
607 2436 803 2520 presentabis
826 2437 859 2500 in
883 2438 1002 2521 templo
1025 2436 1213 2516 Salomonis,

244 2560 296 2599 5555
322 2540 384 2619 Qn'
405 2541 496 2621 dixit,
519 2564 624 2607 meum
646 2542 792 2627 gladium
812 2545 902 2609 tuam
923 2543 1135 2609 transiturum

320 2648 480 2726 Animam,
503 2669 576 2713 curn
596 2670 647 2713 me
669 2648 784 2714 videris
806 2651 909 2712 morte
930 2649 1165 2714 moriturumtr

117 2788 120 2791 ι
229 2753 275 2819 Μ,
324 2752 475 2819 »illorum
496 2751 576 2818 bene
599 2753 729 2818 memini
753 2753 930 2834 verborum,
953 2754 1033 2820 bene
1056 2755 1122 2833 fili;

320 2857 379 2924 Sed
401 2880 498 2927 555555
519 2858 600 2922 mihi
622 2859 829 2942 questionem,
852 2860 1010 2944 deprecor,
1034 2878 1165 2945 expone.

319 2962 393 3029 Non
415 2966 523 3047 potest
542 2984 642 3048 genus
665 2964 830 3030 hominum
853 2964 946 3031 aliter
966 2964 1094 3046 salvari,

244 3087 294 3124 5555
321 3068 393 3133 Nisi
415 3072 448 3133 te
469 3072 616 3152 oportent
636 3068 677 3133 ab
699 3069 807 3154 impiis
828 3070 980 3136 necarit«
1014 3119 1017 3126 .
1071 3149 1074 3155 .

243 3170 274 3237 J.
322 3171 451 3237 »Posset
473 3172 601 3256 quidem
622 3172 751 3239 liberari
774 3175 882 3240 divina
904 3179 1070 3260 potestate,

321 3276 380 3345 Sed
403 3277 519 3343 rectius
541 3277 717 3343 salvabitur
738 3280 818 3344 iuris
840 3281 989 3365 equitate,

319 3381 404 3447 Nam
425 3375 459 3447 se
481 3404 582 3468 genus
604 3384 770 3449 hominum
792 3389 904 3469 sponte
926 3386 1091 3471 deputavit

322 3486 458 3551 Domino
481 3485 601 3552 diaboli
620 3488 748 3572 iurique
771 3490 995 3575 mancipante

190 3678 191 3683 ἵ
227 3591 272 3658 Μ.
321 3590 407 3667 »Quo
428 3595 476 3656 erat
500 3590 558 3656 hec
580 3592 715 3671 iustitia,
738 3615 801 3677 que
822 3594 861 3659 fit
881 3595 915 3658 in
938 3599 994 3660 5555
1016 3599 1128 3676 morte,

319 3695 366 3762 Ut
387 3697 547 3763 hominem
569 3700 607 3762 tu
629 3697 743 3763 liberes
765 3699 908 3773 demonis
929 3721 949 3764 a
970 3703 1099 3765 sorte?«

242 3799 274 3866 J.
322 3800 414 3885 »Ego
434 3801 513 3866 iuris
535 3800 665 3867 dictioni
688 3825 751 3868 non
765 3826 845 3877 ,sum
867 3802 1029 3890 obligatus

320 3904 460 3986 Diaboli,
482 3922 565 3971 nem
578 3928 639 3993 ego
662 3930 730 3972 sum
756 3907 874 3993 absque
896 3909 968 3976 labe
990 3914 1095 3977 natus.

320 4010 469 4077 Humane
491 4012 682 4078 conditionis
704 4036 741 4078 ec
763 4015 931 4099 originalis

230 4218 274 4285 M.
322 4220 424 4287 »Vere
446 4222 505 4301 fili,
527 4223 610 4287 siout
631 4224 718 4304 diois,
742 4226 812 4290 sine
833 4228 1058 4294 commixtione

319 4324 431 4392 Virilis
454 4328 595 4413 contagii
617 4351 672 4394 eeu
695 4330 872 4414 pollutione
969 4405 972 4411 ,
1098 4341 1101 4347 ’

278 4468 280 4471 -
319 4430 467 4497 Humane
487 4433 681 4522 fragilitates
703 4442 736 4504 te
758 4438 896 4526 concepi,
919 4439 1008 4507 soluo
