3000 5125
773 375 836 449 182

306 581 359 620 ⁶⁸⁸⁶
386 561 417 627 A
438 563 529 647 patre
550 563 585 624 et
604 581 625 624 a
645 557 718 624 lilio'
734 580 806 624 sum
829 558 926 624 simul
947 543 1087 624 viduata.

385 666 412 732 Ο
435 688 500 746 vos,
523 668 611 729 eaelo
630 663 783 751 virginea,
805 664 949 751 plangite
972 663 1131 744 dilectum,

384 771 491 837 Meum
513 769 715 855 unigenitum
738 772 878 834 vestrum
900 772 932 834 el
954 768 1098 847 electum,

385 874 543 961 Sponsum
567 896 586 939 a
609 896 672 958 quo
695 873 810 938 misera
830 874 934 938 mater
955 895 1040 938 nuno
1062 872 1187 938 desolor

384 980 492 1047 crucis
514 1001 571 1065 per
592 979 800 1064 supplicium3
823 1001 862 1044 ve
883 978 973 1059 mihi,
997 983 1135 1064 quantus
1157 976 1267 1043 dolor!

308 1104 360 1143 ⁵³⁹⁰
385 1083 497 1150 Omnis
519 1084 615 1150 homo
637 1082 717 1148 mihi
740 1104 851 1168 precor
872 1083 1038 1149 condoleat
1060 1083 1181 1149 dolenti

384 1188 467 1256 Filio
490 1189 685 1275 compatiens
708 1209 777 1253 meo
799 1188 953 1273 patienti!

385 1293 433 1361 Ve
455 1317 511 1360 eur
533 1294 787 1360 amantissimum
807 1293 948 1359 solamen
970 1294 1072 1359 oordis
1094 1294 1157 1359 mei

387 1398 576 1466 Ooeidernut
597 1399 699 1464 filium
721 1398 875 1463 miserimi
896 1397 1016 1463 Judei?

389 1503 480 1571 Nulli
502 1504 565 1569 fuit
587 1505 753 1569 hominum
773 1503 925 1569 molestus
948 1503 998 1567 vel
1019 1504 1159 1580 nocivus,

309 1627 362 1666 ⁶³⁹⁵
388 1607 448 1675 Sed
471 1609 534 1674 fuit
557 1609 654 1688 milis,
678 1608 818 1689 humilis,
841 1608 952 1689 duleis,
974 1608 1199 1695 compassivus.

388 1714 468 1777 Erat
490 1718 596 1778 aulem
618 1712 707 1778 ulilis
730 1713 797 1777 vita
820 1734 877 1777 sua
898 1712 1026 1791 mundo,

389 1818 574 1883 Doolrinam
597 1839 707 1882 sanam
728 1817 848 1901 populo
869 1817 1081 1883 dabat'oorde
1102 1818 1229 1883 mundo.

389 1922 438 1988 Ve
459 1921 549 2001 mihi,
573 1945 610 1988 ve
633 1923 670 1986 de
692 1928 791 2006 puero
814 1943 883 1986 meo
905 1922 1054 2002 oruoialo,

389 2027 437 2094 Ve
461 2028 539 2092 mihi
561 2029 603 2093 de
621 2027 804 2093 dulcissimo
825 2028 1030 2113 piissimoque
1052 2031 1143 2093 nalo!

312 2154 364 2192 sao
391 2132 418 2198 Ο
441 2134 467 2198 si
489 2155 540 2199 me
561 2154 633 2198 eum
656 2154 693 2199 oo
713 2154 800 2198 mors
822 2133 930 2198 eadem
952 2136 1084 2212 teneret,

389 2237 435 2304 Ut
457 2259 515 2321 pro
537 2259 574 2304 eo
596 2259 745 2316 morerer,
769 2237 850 2302 mihi
871 2238 899 2303 si
922 2237 1050 2303 liceret!

389 2341 451 2407 Fili
472 2343 527 2422 mi,
550 2342 637 2407 ofili
660 2342 715 2422 mi,
738 2342 785 2407 fili
807 2343 863 2422 mi,
886 2341 987 2407 ofili!

389 2447 506 2514 Tecum
528 2447 610 2512 mori
632 2447 722 2513 trade
742 2447 834 2526 mihi,
858 2447 899 2512 da
920 2447 1000 2511 mihi
1022 2448 1112 2527 mori,
1134 2446 1202 2512 fili!

388 2553 493 2634 Ofili,
517 2557 641 2639 tempus
666 2552 786 2638 gaudii,
809 2555 934 2637 tempus
955 2552 1035 2618 illud
1057 2554 1157 2619 lelum

309 2678 361 2716 ⁶⁴0⁶
387 2657 576 2724 Natiuitatis
598 2661 652 2723 tue
674 2658 755 2723 milri
776 2680 861 2723 nuno
883 2681 1008 2749 versum
1030 2660 1135 2724 estin
1157 2658 1279 2724 flelnm.

387 2762 439 2830 Ad
460 2785 510 2827 me
532 2768 623 2828 tuum
645 2763 794 2848 angelum
817 2763 855 2829 (le
876 2764 942 2828 oelo
957 2786 1038 2829 oum
1059 2763 1182 2843 misisii,

387 2870 432 2935 El
453 2868 487 2932 in
509 2890 615 2934 meum
636 2872 766 2934 olerum
785 2872 822 2932 lu
844 2869 920 2934 deus
940 2869 1091 2948 introisti,

388 2973 437 3038 Tu
460 2974 519 3046 seis
542 2973 637 3053 solus,
660 2972 736 3057 quia
758 2973 864 3038 virum
884 2995 1048 3059 nunquam
1069 2972 1213 3038 affeelavi

388 3077 557 3143 secernis
578 3099 629 3142 me
651 3076 782 3142 libidine
805 3099 968 3162 nunquam
991 3077 1164 3156 maculavi3

311 3203 362 3241 541⁰
388 3183 451 3250 seu
472 3182 690 3268 uirginiialem
711 3203 815 3246 meam
836 3183 988 3246 mundam
1009 3182 1200 3261 conservavi,

389 3289 482 3355 Casto
505 3288 623 3367 vivens,
646 3308 753 3352 eoram
774 3291 807 3352 le
829 3309 879 3352 me
901 3286 1077 3366 humiliavi,

391 3393 436 3459 Te
458 3393 595 3478 eonoepi,
618 3392 710 3477 virgo
732 3415 873 3473 manens,
896 3414 1059 3478 nunquam
1082 3392 1210 3459 violata.

390 3499 435 3565 Te
456 3498 590 3584 puriori,
613 3519 772 3585 pregnans
794 3496 890 3578 faeta,
914 3518 1078 3582 nunquam
1099 3497 1284 3582 adgravata,

390 3606 463 3670 Sine
485 3604 592 3669 dolore
614 3602 721 3688 peperi
743 3607 776 3668 te
797 3601 942 3686 nihilque
962 3603 1155 3683 molestato,¹

312 3729 364 3766 ⁶⁴1⁵
391 3708 601 3794 Humanoque
622 3708 799 3794 fragilitate
821 3708 910 3786 nulla
932 3708 1130 3788 conturbata,

389 3814 433 3879 El
453 3814 557 3879 mansi
578 3823 651 3898 post
672 3816 801 3898 parium
824 3813 915 3899 virgo
936 3812 1197 3882 incontaminata.

389 3918 510 3984 Dilecto
531 3918 587 3998 fili,
611 3941 667 4002 per
688 3922 721 3983 le
742 3918 790 3984 fui
812 3921 888 3983 luno
910 3919 1062 3985 letificare

389 4023 428 4090 In
450 4024 635 4110 angelorum
657 4028 768 4109 parius
789 4024 851 4089 mei
874 4023 1158 4102 administratione,

389 4127 496 4214 Atque
517 4134 550 4194 le
571 4130 770 4196 laudantium
791 4129 990 4210 iubilatione,

313 4254 365 4290 oro
391 4236 436 4300 ut
457 4234 491 4299 in
513 4234 605 4300 stelle
626 4236 788 4301 rutilantis
812 4235 1039 4316 oorusoalione,

799 4361 817 4401 *

303 4460 375 4516 5420
391 4459 415 4519 G
433 4461 490 4519 und
509 4462 528 4521 Z
546 4460 716 4519 coruscantis
734 4462 808 4518 stall
826 4460 981 4518 rutilantis.
