3000 5125
215 573 268 613 roco
294 553 362 619 Hec
383 552 511 618 est'illa
533 575 628 638 quam
650 576 705 619 rex
727 552 787 619 oeli
810 552 889 618 mihi
911 552 1072 638 copulavit

293 658 332 724 ln
353 681 501 744 sponsam
522 662 555 725 et
577 660 610 723 iu
632 660 809 746 coniugem,
832 663 864 725 et
886 658 966 725 illud
987 659 1165 745 imperarit,

292 763 339 831 Ut
360 785 420 850 ego
441 785 660 830 conservarem
681 765 764 830 hanc
786 765 1080 847 incontaminatam

205 903 208 908 ·
292 867 337 932 ,ut
357 868 512 933 intactam
534 873 630 954 atque
650 870 803 935 mundum
825 891 947 935 necnon
969 869 1136 936 illibatam

290 971 340 1037 'l'u
363 995 437 1039 vero
459 974 641 1040 beatissima
662 976 723 1041 scis
745 976 848 1061 virgo,
871 976 956 1061 quod
979 979 1027 1043 est
1048 975 1105 1056 ita,

212 1095 264 1134 7888
291 1077 376 1143 Nam
397 1100 417 1143 a
439 1101 490 1144 me
511 1083 579 1145 tam
600 1083 707 1146 tenere
728 1080 820 1147 fuisti
842 1080 1011 1161 custodita,

290 1182 381 1259 Quod
402 1187 439 1249 tu
461 1207 624 1270 nunquam
645 1187 825 1252 indecenter
847 1209 867 1251 a
887 1208 938 1251 me
961 1186 1154 1274 tangebaris¹

289 1287 355 1354 Nec
377 1312 397 1354 a
419 1289 488 1355 viro
511 1291 654 1375 quolibet
675 1313 815 1376 unquam
837 1289 1028 1357 turbabaris.

288 1394 359 1482 Ego
381 1397 567 1463 secretarius
588 1396 815 1462 incarnationis
961 1465 966 1472 „

288 1498 408 1565 Christi
429 1500 479 1567 fui
501 1504 555 1567 tue
577 1524 702 1587 quoque
723 1500 997 1588 impregnationis,

212 1623 263 1660 7877
288 1603 396 1690 Atque
417 1628 543 1671 sacrum
564 1611 692 1691 partum
713 1612 804 1672 tuum
828 1606 913 1672 solus
935 1605 1153 1686 observabam,

287 1710 331 1776 Ec
353 1711 403 1777 dei
425 1712 625 1778 nativitatem
647 1712 769 1797 primus
791 1711 971 1777 adorabam.

289 1815 327 1881 Iu
348 1816 515 1904 Egyptum
537 1840 609 1884 cum
630 1818 753 1883 infante
774 1821 807 1883 te
829 1818 914 1882 solus
936 1837 996 1901 ego
1019 1815 1104 1896 duxi,

286 1922 330 1988 Et
352 1922 386 1987 in
408 1921 543 1989 Judeam
564 1923 681 1990 iterum
702 1923 843 2009 piissima
866 1922 986 1988 reduxi.

286 2025 390 2093 Annis
412 2049 472 2115 ego
493 2034 526 2095 te
547 2029 683 2115 triginta
705 2050 777 2094 cunr
799 2049 897 2113 puero
919 2026 1040 2092 nutrivi

209 2150 260 2188 7878
286 2130 331 2197 Et
351 2134 411 2199 tibi
434 2134 633 2200 devotissime
655 2133 837 2200 dulcissima
858 2132 983 2198 servivi.

284 2237 369 2303 Nam
391 2240 585 2306 cohabitatio
607 2244 664 2304 tua
685 2239 766 2312 mihi
788 2238 895 2324 gravis

283 2340 456 2428 Nunquam
478 2345 550 2425 fuit,
572 2345 626 2410 sed
648 2348 705 2408 tua
725 2343 858 2408 societas
880 2341 985 2407 suavis

283 2447 364 2513 Erat
384 2449 490 2529 nimis,
514 2454 610 2535 atque
631 2455 723 2514 tuum
744 2447 940 2532 colloquium
962 2446 1141 2526 iocundrun,

282 2550 326 2618 Et
348 2553 473 2619 vultum
494 2558 586 2620 tuum
608 2553 771 2633 inclitmn‚
793 2552 968 2618 formosum
990 2555 1086 2637 atque
1108 2551 1270 2617 mundum.

206 2675 258 2714 7888
283 2656 400 2725 Videre
421 2681 545 2744 semper
566 2659 665 2725 oeulis
687 2659 766 2724 meis
789 2657 977 2724 affectabam

282 2762 328 2828 Et
349 2769 438 2830 tuum
460 2764 651 2851 presentiam
672 2765 793 2850 iugiter
815 2754 975 2848 optabam.

281 2867 365 2934 Nam
388 2870 604 2936 desiderabilia
626 2874 658 2936 et
679 2870 760 2935 facie
781 2868 921 2934 formosa

281 2974 362 3040 Eros
383 2979 417 3040 et
438 2975 584 3041 amabilis
604 2979 639 3041 et
661 2974 756 3041 vultu
775 2974 932 3060 srrscioaar

280 3079 524 3166 Compositnque
544 3081 686 3147 moribus
708 3103 778 3146 eras
800 3084 832 3146 et
853 3082 1028 3160 mansueta,

203 3202 255 3241 7887
281 3184 410 3251 Patiens
430 3190 464 3252 et
486 3186 626 3266 humilis,
649 3186 737 3252 mitis
758 3190 793 3253 et
815 3185 932 3271 quieta,

279 3290 460 3372 Placabilis,
482 3292 670 3373 tractabilis,
692 3291 793 3358 dulcis
815 3294 848 3357 et
869 3290 1009 3377 benigna

278 3395 360 3461 Erae
381 3402 415 3462 et
436 3397 584 3478 affabilis,
608 3402 639 3462 et
662 3398 749 3462 omni
771 3396 863 3462 laude
885 3396 992 3481 digna

279 3498 396 3566 Omnes
417 3501 482 3565 tuis
504 3502 626 3567 meritis
647 3501 759 3586 utique
781 3499 894 3566 salvati

277 3603 393 3671 Sumus
415 3609 448 3671 et
469 3607 642 3671 virtutibus
664 3606 729 3671 suis
751 3605 888 3670 liberati.

200 3727 251 3766 7888
277 3710 322 3775 Et
343 3711 435 3777 deum
457 3712 490 3776 iu
514 3712 693 3776 substantia
716 3735 773 3797 per
794 3716 827 3777 te
848 3732 906 3775 nos
927 3711 1067 3776 humana

277 3814 325 3881 Ao
347 3821 453 3901 cetera
473 3816 651 3882 divinitatis
672 3817 880 3903 cognorimus
902 3837 1026 3881 arcana.

276 3920 374 4009 Ergo,
396 3927 500 3987 mater
520 3924 633 4008 gretie,
657 3946 728 3988 cum
750 3921 868 4008 gaudio
890 3923 1021 4007 procede

276 4026 327 4091 Ad
350 4030 443 4092 tuum
464 4026 584 4107 Jesum
607 4028 699 4093 utin
722 4049 781 4093 sua
802 4028 963 4094 colloceris
985 4029 1067 4107 sede,

275 4131 337 4197 Per
358 4137 446 4199 tuam
470 4137 507 4198 ut
528 4133 719 4219 presentiam
742 4137 886 4198 nostram
908 4136 1071 4220 augeatur,

197 4255 249 4298 reos
275 4237 434 4309 Gaudium
455 4243 488 4306 ec
509 4240 664 4332 premium
687 4242 832 4312 nostrum
854 4241 1077 4334 compleamur
