<?xml version="1.0" encoding="UTF-8"?>
<!DOCTYPE html PUBLIC "-//W3C//DTD XHTML 1.0 Transitional//EN"
    "http://www.w3.org/TR/xhtml1/DTD/xhtml1-transitional.dtd">
<html xmlns="http://www.w3.org/1999/xhtml" xml:lang="en" lang="en">
 <head>
  <title>
</title>
<meta http-equiv="Content-Type" content="text/html;charset=utf-8" />
  <meta name='ocr-system' content='tesseract 3.04.00' />
  <meta name='ocr-capabilities' content='ocr_page ocr_carea ocr_par ocr_line ocrx_word'/>
</head>
<body>
  <div class='ocr_page' id='page_1' title='image "./vitabeatevirgin02vggoog_0181.png"; bbox 0 0 3000 5125; ppageno 0'>
   <div class='ocr_carea' id='block_1_1' title="bbox 661 349 724 415">
    <p class='ocr_par' dir='ltr' id='par_1_1' title="bbox 661 349 724 415">
     <span class='ocr_line' id='line_1_1' title="bbox 661 349 724 415; baseline -0.032 0"><span class='ocrx_word' id='word_1_1' title='bbox 661 349 724 415; x_wconf 86' lang='grc'>169</span> 
     </span>
    </p>
   </div>
   <div class='ocr_carea' id='block_1_2' title="bbox 188 524 1036 716">
    <p class='ocr_par' dir='ltr' id='par_1_2' title="bbox 188 524 1036 716">
     <span class='ocr_line' id='line_1_2' title="bbox 276 524 1036 611; baseline -0.005 -17"><span class='ocrx_word' id='word_1_2' title='bbox 276 528 378 606; x_wconf 81' lang='lat' dir='ltr'>Quam</span> <span class='ocrx_word' id='word_1_3' title='bbox 400 549 515 593; x_wconf 86' lang='lat' dir='ltr'>corona</span> <span class='ocrx_word' id='word_1_4' title='bbox 537 526 647 611; x_wconf 89' lang='lat' dir='ltr'>spinea</span> <span class='ocrx_word' id='word_1_5' title='bbox 668 547 731 610; x_wconf 90' lang='lat' dir='ltr'>qua</span> <span class='ocrx_word' id='word_1_6' title='bbox 753 524 818 589; x_wconf 83' lang='lat' dir='ltr'>fuit</span> <span class='ocrx_word' id='word_1_7' title='bbox 840 527 913 589; x_wconf 92' lang='lat' dir='ltr'>ante</span> <span class='ocrx_word' id='word_1_8' title='bbox 935 524 1036 600; x_wconf 79' lang='lat' dir='ltr'>lesus3</span> 
     </span>
     <span class='ocr_line' id='line_1_3' title="bbox 188 628 1019 716; baseline -0.01 -15"><span class='ocrx_word' id='word_1_9' title='bbox 188 652 248 691; x_wconf 76' lang='lat'>4⁹⁶⁶</span> <span class='ocrx_word' id='word_1_10' title='bbox 274 633 326 701; x_wconf 82' lang='lat' dir='ltr'>sie</span> <span class='ocrx_word' id='word_1_11' title='bbox 347 655 464 699; x_wconf 83' lang='lat' dir='ltr'>corona</span> <span class='ocrx_word' id='word_1_12' title='bbox 486 632 603 716; x_wconf 83' lang='lat' dir='ltr'>duplici</span> <span class='ocrx_word' id='word_1_13' title='bbox 626 629 845 716; x_wconf 81' lang='lat' dir='ltr'>stringebatur</span> <span class='ocrx_word' id='word_1_14' title='bbox 868 628 971 695; x_wconf 80' lang='lat' dir='ltr'>Jesus.</span> <span class='ocrx_word' id='word_1_15' title='bbox 1015 681 1019 692; x_wconf 92' lang='lat'>.</span> 
     </span>
    </p>
   </div>
   <div class='ocr_carea' id='block_1_3' title="bbox 456 1014 916 1090">
    <p class='ocr_par' dir='ltr' id='par_1_3' title="bbox 456 1014 916 1090">
     <span class='ocr_line' id='line_1_4' title="bbox 456 1014 916 1090; baseline -0.007 0"><span class='ocrx_word' id='word_1_16' title='bbox 456 1016 513 1090; x_wconf 92' lang='lat' dir='ltr'>De</span> <span class='ocrx_word' id='word_1_17' title='bbox 544 1014 781 1089; x_wconf 82' lang='lat' dir='ltr'>crucifixione</span> <span class='ocrx_word' id='word_1_18' title='bbox 813 1014 916 1088; x_wconf 83' lang='lat' dir='ltr'>Jesu.</span> 
     </span>
    </p>
   </div>
   <div class='ocr_carea' id='block_1_4' title="bbox 276 1247 1134 1364">
    <p class='ocr_par' dir='ltr' id='par_1_4' title="bbox 276 1247 1134 1364">
     <span class='ocr_line' id='line_1_5' title="bbox 276 1247 1134 1364; baseline -0.003 -17"><span class='ocrx_word' id='word_1_19' title='bbox 276 1281 396 1347; x_wconf 80' lang='lat' dir='ltr'><strong>Deinde</strong></span> <span class='ocrx_word' id='word_1_20' title='bbox 418 1301 542 1346; x_wconf 81' lang='lat' dir='ltr'>erucem</span> <span class='ocrx_word' id='word_1_21' title='bbox 564 1299 658 1364; x_wconf 90' lang='lat' dir='ltr'>super</span> <span class='ocrx_word' id='word_1_22' title='bbox 680 1280 800 1343; x_wconf 89' lang='lat' dir='ltr'>terram</span> <span class='ocrx_word' id='word_1_23' title='bbox 822 1277 925 1362; x_wconf 89' lang='lat' dir='ltr'>primo</span> <span class='ocrx_word' id='word_1_24' title='bbox 946 1247 1134 1363; x_wconf 30' lang='lat' dir='ltr'>posuerunt·</span> 
     </span>
    </p>
   </div>
   <div class='ocr_carea' id='block_1_5' title="bbox 155 1383 1259 4426">
    <p class='ocr_par' dir='ltr' id='par_1_5' title="bbox 155 1383 1259 4426">
     <span class='ocr_line' id='line_1_6' title="bbox 275 1383 1162 1472; baseline -0.006 -19"><span class='ocrx_word' id='word_1_25' title='bbox 275 1385 382 1472; x_wconf 87' lang='lat' dir='ltr'>Atque</span> <span class='ocrx_word' id='word_1_26' title='bbox 403 1385 514 1451; x_wconf 87' lang='lat' dir='ltr'>Jesnm</span> <span class='ocrx_word' id='word_1_27' title='bbox 536 1405 630 1469; x_wconf 88' lang='lat' dir='ltr'>super</span> <span class='ocrx_word' id='word_1_28' title='bbox 651 1383 741 1448; x_wconf 86' lang='lat' dir='ltr'>illam</span> <span class='ocrx_word' id='word_1_29' title='bbox 763 1386 959 1469; x_wconf 88' lang='lat' dir='ltr'>prostratum</span> <span class='ocrx_word' id='word_1_30' title='bbox 980 1388 1162 1469; x_wconf 82' lang='lat' dir='ltr'>posuerunt</span> 
     </span>
     <span class='ocr_line' id='line_1_7' title="bbox 275 1489 1073 1575; baseline -0.003 -17"><span class='ocrx_word' id='word_1_31' title='bbox 275 1493 335 1558; x_wconf 92' lang='lat' dir='ltr'>Per</span> <span class='ocrx_word' id='word_1_32' title='bbox 357 1513 469 1556; x_wconf 90' lang='lat' dir='ltr'>manus</span> <span class='ocrx_word' id='word_1_33' title='bbox 492 1490 559 1555; x_wconf 91' lang='lat' dir='ltr'>eius</span> <span class='ocrx_word' id='word_1_34' title='bbox 580 1489 829 1555; x_wconf 83' lang='lat' dir='ltr'>ferreos&#39;olavos</span> <span class='ocrx_word' id='word_1_35' title='bbox 851 1495 1073 1575; x_wconf 81' lang='lat' dir='ltr'>percusserunt</span> 
     </span>
     <span class='ocr_line' id='line_1_8' title="bbox 274 1595 1163 1685; baseline -0.006 -19"><span class='ocrx_word' id='word_1_36' title='bbox 274 1598 381 1685; x_wconf 85' lang='lat' dir='ltr'>Atque</span> <span class='ocrx_word' id='word_1_37' title='bbox 403 1598 506 1682; x_wconf 85' lang='lat' dir='ltr'>pedes,</span> <span class='ocrx_word' id='word_1_38' title='bbox 530 1595 645 1682; x_wconf 87' lang='lat' dir='ltr'>quibus</span> <span class='ocrx_word' id='word_1_39' title='bbox 667 1596 753 1661; x_wconf 87' lang='lat' dir='ltr'>buno</span> <span class='ocrx_word' id='word_1_40' title='bbox 775 1596 814 1661; x_wconf 87' lang='lat' dir='ltr'>ad</span> <span class='ocrx_word' id='word_1_41' title='bbox 837 1618 961 1663; x_wconf 80' lang='lat' dir='ltr'>erucem</span> <span class='ocrx_word' id='word_1_42' title='bbox 983 1596 1163 1663; x_wconf 86' lang='lat' dir='ltr'>affixerunt.</span> 
     </span>
     <span class='ocr_line' id='line_1_9' title="bbox 194 1700 958 1787; baseline -0.003 -17"><span class='ocrx_word' id='word_1_43' title='bbox 194 1726 250 1763; x_wconf 72' lang='lat' dir='ltr'>rere</span> <span class='ocrx_word' id='word_1_44' title='bbox 275 1704 388 1770; x_wconf 89' lang='lat' dir='ltr'>Modus</span> <span class='ocrx_word' id='word_1_45' title='bbox 410 1702 495 1768; x_wconf 90' lang='lat' dir='ltr'>enim</span> <span class='ocrx_word' id='word_1_46' title='bbox 516 1702 591 1767; x_wconf 92' lang='lat' dir='ltr'>talis</span> <span class='ocrx_word' id='word_1_47' title='bbox 613 1704 682 1767; x_wconf 91' lang='lat' dir='ltr'>erat</span> <span class='ocrx_word' id='word_1_48' title='bbox 703 1700 781 1767; x_wconf 89' lang='lat' dir='ltr'>Jesu</span> <span class='ocrx_word' id='word_1_49' title='bbox 803 1701 958 1787; x_wconf 80' lang='lat' dir='ltr'><strong>passionis</strong></span> 
     </span>
     <span class='ocr_line' id='line_1_10' title="bbox 276 1806 878 1894; baseline -0.005 -19"><span class='ocrx_word' id='word_1_50' title='bbox 276 1810 320 1875; x_wconf 82' lang='lat' dir='ltr'>Et</span> <span class='ocrx_word' id='word_1_51' title='bbox 341 1830 503 1894; x_wconf 76' lang='lat' dir='ltr'>processus</span> <span class='ocrx_word' id='word_1_52' title='bbox 524 1807 625 1893; x_wconf 90' lang='lat' dir='ltr'>ipsius</span> <span class='ocrx_word' id='word_1_53' title='bbox 646 1806 878 1873; x_wconf 81' lang='lat' dir='ltr'>crucifixionis:</span> 
     </span>
     <span class='ocr_line' id='line_1_11' title="bbox 277 1912 1124 1999; baseline -0.005 -17"><span class='ocrx_word' id='word_1_54' title='bbox 277 1913 378 1999; x_wconf 80' lang='lat' dir='ltr'><strong>Super</strong></span> <span class='ocrx_word' id='word_1_55' title='bbox 400 1917 519 1979; x_wconf 88' lang='lat' dir='ltr'>terram</span> <span class='ocrx_word' id='word_1_56' title='bbox 541 1913 665 1997; x_wconf 79' lang='lat' dir='ltr'>lignum</span> <span class='ocrx_word' id='word_1_57' title='bbox 688 1914 789 1979; x_wconf 87' lang='lat' dir='ltr'>erneis</span> <span class='ocrx_word' id='word_1_58' title='bbox 811 1936 883 1979; x_wconf 87' lang='lat' dir='ltr'>eum</span> <span class='ocrx_word' id='word_1_59' title='bbox 905 1912 1124 1999; x_wconf 79' lang='lat' dir='ltr'>deposuissent</span> 
     </span>
     <span class='ocr_line' id='line_1_12' title="bbox 276 2017 1147 2103; baseline -0.002 -18"><span class='ocrx_word' id='word_1_60' title='bbox 276 2020 497 2085; x_wconf 68' lang='lat' dir='ltr'>renudatum</span> <span class='ocrx_word' id='word_1_61' title='bbox 519 2018 641 2083; x_wconf 78' lang='lat' dir='ltr'><strong>dulcem</strong></span> <span class='ocrx_word' id='word_1_62' title='bbox 663 2017 775 2083; x_wconf 88' lang='lat' dir='ltr'>Jesum</span> <span class='ocrx_word' id='word_1_63' title='bbox 796 2019 928 2103; x_wconf 86' lang='lat' dir='ltr'>desuper</span> <span class='ocrx_word' id='word_1_64' title='bbox 950 2018 1147 2099; x_wconf 76' lang='lat' dir='ltr'>stravissent,</span> 
     </span>
     <span class='ocr_line' id='line_1_13' title="bbox 276 2122 994 2209; baseline -0.001 -19"><span class='ocrx_word' id='word_1_65' title='bbox 276 2123 424 2190; x_wconf 79' lang='lat' dir='ltr'>Manibus</span> <span class='ocrx_word' id='word_1_66' title='bbox 447 2122 632 2209; x_wconf 88' lang='lat' dir='ltr'>etpedibus</span> <span class='ocrx_word' id='word_1_67' title='bbox 655 2124 761 2208; x_wconf 91' lang='lat' dir='ltr'>ipsum</span> <span class='ocrx_word' id='word_1_68' title='bbox 783 2123 994 2189; x_wconf 78' lang='lat' dir='ltr'>extendebant</span> 
     </span>
     <span class='ocr_line' id='line_1_14' title="bbox 196 2228 1134 2310; baseline 0.005 -21"><span class='ocrx_word' id='word_1_69' title='bbox 196 2246 252 2290; x_wconf 75' lang='lat' dir='ltr'>rore</span> <span class='ocrx_word' id='word_1_70' title='bbox 278 2230 329 2296; x_wconf 85' lang='lat' dir='ltr'>Ad</span> <span class='ocrx_word' id='word_1_71' title='bbox 351 2229 430 2295; x_wconf 90' lang='lat' dir='ltr'>fines</span> <span class='ocrx_word' id='word_1_72' title='bbox 452 2229 563 2309; x_wconf 86' lang='lat' dir='ltr'>erneis,</span> <span class='ocrx_word' id='word_1_73' title='bbox 589 2231 622 2294; x_wconf 89' lang='lat' dir='ltr'>et</span> <span class='ocrx_word' id='word_1_74' title='bbox 643 2251 716 2294; x_wconf 92' lang='lat' dir='ltr'>eum</span> <span class='ocrx_word' id='word_1_75' title='bbox 737 2233 805 2294; x_wconf 89' lang='lat' dir='ltr'>tarn</span> <span class='ocrx_word' id='word_1_76' title='bbox 828 2229 931 2295; x_wconf 80' lang='lat' dir='ltr'>valide</span> <span class='ocrx_word' id='word_1_77' title='bbox 953 2228 1134 2310; x_wconf 80' lang='lat' dir='ltr'>trahebant,</span> 
     </span>
     <span class='ocr_line' id='line_1_15' title="bbox 277 2333 1117 2418; baseline 0 -18"><span class='ocrx_word' id='word_1_78' title='bbox 277 2334 368 2412; x_wconf 77' lang='lat' dir='ltr'>Quod</span> <span class='ocrx_word' id='word_1_79' title='bbox 389 2334 534 2399; x_wconf 89' lang='lat' dir='ltr'>iunetnre</span> <span class='ocrx_word' id='word_1_80' title='bbox 556 2333 696 2418; x_wconf 86' lang='lat' dir='ltr'>eorporis</span> <span class='ocrx_word' id='word_1_81' title='bbox 718 2356 753 2399; x_wconf 91' lang='lat' dir='ltr'>se</span> <span class='ocrx_word' id='word_1_82' title='bbox 774 2338 886 2400; x_wconf 86' lang='lat' dir='ltr'>ounote</span> <span class='ocrx_word' id='word_1_83' title='bbox 906 2333 1117 2415; x_wconf 79' lang='lat' dir='ltr'>resolvebant,</span> 
     </span>
     <span class='ocr_line' id='line_1_16' title="bbox 276 2438 1072 2525; baseline -0.001 -20"><span class='ocrx_word' id='word_1_84' title='bbox 276 2438 374 2520; x_wconf 63' lang='lat' dir='ltr'>Vena</span> <span class='ocrx_word' id='word_1_85' title='bbox 396 2438 496 2518; x_wconf 83' lang='lat' dir='ltr'>nervi,</span> <span class='ocrx_word' id='word_1_86' title='bbox 520 2438 603 2504; x_wconf 86' lang='lat' dir='ltr'>sieut</span> <span class='ocrx_word' id='word_1_87' title='bbox 624 2438 719 2504; x_wconf 88' lang='lat' dir='ltr'>eorda</span> <span class='ocrx_word' id='word_1_88' title='bbox 741 2444 893 2525; x_wconf 89' lang='lat' dir='ltr'>tensaque</span> <span class='ocrx_word' id='word_1_89' title='bbox 916 2438 1072 2525; x_wconf 80' lang='lat' dir='ltr'>rigebant.</span> 
     </span>
     <span class='ocr_line' id='line_1_17' title="bbox 276 2543 1058 2626; baseline -0.001 -14"><span class='ocrx_word' id='word_1_90' title='bbox 276 2545 384 2612; x_wconf 87' lang='lat' dir='ltr'>Primo</span> <span class='ocrx_word' id='word_1_91' title='bbox 407 2567 536 2610; x_wconf 91' lang='lat' dir='ltr'>manum</span> <span class='ocrx_word' id='word_1_92' title='bbox 558 2543 722 2610; x_wconf 88' lang='lat' dir='ltr'>sinistram</span> <span class='ocrx_word' id='word_1_93' title='bbox 744 2545 829 2611; x_wconf 85' lang='lat' dir='ltr'>ornei</span> <span class='ocrx_word' id='word_1_94' title='bbox 851 2545 1058 2626; x_wconf 81' lang='lat' dir='ltr'>confixerunt,</span> 
     </span>
     <span class='ocr_line' id='line_1_18' title="bbox 278 2651 1112 2717; baseline 0.001 -1"><span class='ocrx_word' id='word_1_95' title='bbox 278 2651 398 2717; x_wconf 89' lang='lat' dir='ltr'>Deinde</span> <span class='ocrx_word' id='word_1_96' title='bbox 420 2673 550 2716; x_wconf 91' lang='lat' dir='ltr'>manum</span> <span class='ocrx_word' id='word_1_97' title='bbox 572 2651 733 2716; x_wconf 82' lang='lat' dir='ltr'>dexteram</span> <span class='ocrx_word' id='word_1_98' title='bbox 757 2652 796 2717; x_wconf 86' lang='lat' dir='ltr'>ad</span> <span class='ocrx_word' id='word_1_99' title='bbox 819 2651 916 2716; x_wconf 87' lang='lat' dir='ltr'>aliam</span> <span class='ocrx_word' id='word_1_100' title='bbox 936 2655 1112 2717; x_wconf 84' lang='lat' dir='ltr'>traxerunt.</span> 
     </span>
     <span class='ocr_line' id='line_1_19' title="bbox 198 2755 1077 2842; baseline -0.001 -19"><span class='ocrx_word' id='word_1_101' title='bbox 198 2777 253 2816; x_wconf 73' lang='lat'>4⁹⁸⁰</span> <span class='ocrx_word' id='word_1_102' title='bbox 278 2756 407 2823; x_wconf 89' lang='lat' dir='ltr'>Partem</span> <span class='ocrx_word' id='word_1_103' title='bbox 429 2756 530 2822; x_wconf 86' lang='lat' dir='ltr'>erneis</span> <span class='ocrx_word' id='word_1_104' title='bbox 552 2759 585 2821; x_wconf 90' lang='lat' dir='ltr'>et</span> <span class='ocrx_word' id='word_1_105' title='bbox 607 2779 677 2822; x_wconf 88' lang='lat' dir='ltr'>earn</span> <span class='ocrx_word' id='word_1_106' title='bbox 699 2755 745 2821; x_wconf 94' lang='lat' dir='ltr'>ibi</span> <span class='ocrx_word' id='word_1_107' title='bbox 768 2757 857 2823; x_wconf 86' lang='lat' dir='ltr'>olavo</span> <span class='ocrx_word' id='word_1_108' title='bbox 879 2756 1077 2842; x_wconf 84' lang='lat' dir='ltr'>perforantes</span> 
     </span>
     <span class='ocr_line' id='line_1_20' title="bbox 282 2860 1080 2941; baseline 0 -13"><span class='ocrx_word' id='word_1_109' title='bbox 282 2861 465 2928; x_wconf 78' lang='lat' dir='ltr'>dilixerunt</span> <span class='ocrx_word' id='word_1_110' title='bbox 486 2862 609 2927; x_wconf 90' lang='lat' dir='ltr'>duloem</span> <span class='ocrx_word' id='word_1_111' title='bbox 631 2860 742 2927; x_wconf 87' lang='lat' dir='ltr'>Jesum</span> <span class='ocrx_word' id='word_1_112' title='bbox 765 2863 810 2927; x_wconf 89' lang='lat' dir='ltr'>sie</span> <span class='ocrx_word' id='word_1_113' title='bbox 832 2862 1080 2941; x_wconf 81' lang='lat' dir='ltr'>martirizantes3</span> 
     </span>
     <span class='ocr_line' id='line_1_21' title="bbox 278 2967 1084 3053; baseline 0 -20"><span class='ocrx_word' id='word_1_114' title='bbox 278 2967 385 3053; x_wconf 87' lang='lat' dir='ltr'>Atque</span> <span class='ocrx_word' id='word_1_115' title='bbox 407 2967 500 3052; x_wconf 79' lang='lat' dir='ltr'>pedes</span> <span class='ocrx_word' id='word_1_116' title='bbox 523 2967 669 3033; x_wconf 89' lang='lat' dir='ltr'>deorsum</span> <span class='ocrx_word' id='word_1_117' title='bbox 690 2970 859 3034; x_wconf 82' lang='lat' dir='ltr'>traxerunt</span> <span class='ocrx_word' id='word_1_118' title='bbox 881 2967 1084 3033; x_wconf 81' lang='lat' dir='ltr'>extendentes</span> 
     </span>
     <span class='ocr_line' id='line_1_22' title="bbox 278 3071 1051 3159; baseline 0.003 -22"><span class='ocrx_word' id='word_1_119' title='bbox 278 3071 355 3138; x_wconf 93' lang='lat' dir='ltr'>Illos</span> <span class='ocrx_word' id='word_1_120' title='bbox 378 3071 476 3137; x_wconf 83' lang='lat' dir='ltr'>clavis</span> <span class='ocrx_word' id='word_1_121' title='bbox 498 3093 569 3136; x_wconf 87' lang='lat' dir='ltr'>enm</span> <span class='ocrx_word' id='word_1_122' title='bbox 592 3072 714 3137; x_wconf 91' lang='lat' dir='ltr'>duobus</span> <span class='ocrx_word' id='word_1_123' title='bbox 740 3072 1051 3159; x_wconf 24' lang='lat' dir='ltr'>affigerelvolentes3</span> 
     </span>
     <span class='ocr_line' id='line_1_23' title="bbox 281 3177 1126 3264; baseline 0 -19"><span class='ocrx_word' id='word_1_124' title='bbox 281 3177 341 3245; x_wconf 85' lang='lat' dir='ltr'>Sed</span> <span class='ocrx_word' id='word_1_125' title='bbox 363 3177 456 3244; x_wconf 88' lang='lat' dir='ltr'>Jesns</span> <span class='ocrx_word' id='word_1_126' title='bbox 479 3199 564 3263; x_wconf 83' lang='lat' dir='ltr'>genu</span> <span class='ocrx_word' id='word_1_127' title='bbox 587 3200 658 3243; x_wconf 91' lang='lat' dir='ltr'>eum</span> <span class='ocrx_word' id='word_1_128' title='bbox 681 3199 766 3263; x_wconf 82' lang='lat' dir='ltr'>genu</span> <span class='ocrx_word' id='word_1_129' title='bbox 788 3177 918 3264; x_wconf 82' lang='lat' dir='ltr'>tegebat</span> <span class='ocrx_word' id='word_1_130' title='bbox 940 3179 1126 3245; x_wconf 80' lang='lat' dir='ltr'>occultando</span> 
     </span>
     <span class='ocr_line' id='line_1_24' title="bbox 199 3282 1185 3375; baseline 0.007 -32"><span class='ocrx_word' id='word_1_131' title='bbox 199 3302 253 3344; x_wconf 72' lang='lat' dir='ltr'>esee</span> <span class='ocrx_word' id='word_1_132' title='bbox 280 3282 462 3348; x_wconf 89' lang='lat' dir='ltr'>Humanam</span> <span class='ocrx_word' id='word_1_133' title='bbox 487 3283 717 3363; x_wconf 81' lang='lat' dir='ltr'>verecundiam,</span> <span class='ocrx_word' id='word_1_134' title='bbox 740 3305 812 3349; x_wconf 86' lang='lat' dir='ltr'>oum</span> <span class='ocrx_word' id='word_1_135' title='bbox 835 3305 926 3349; x_wconf 87' lang='lat' dir='ltr'>orure</span> <span class='ocrx_word' id='word_1_136' title='bbox 947 3306 1019 3375; x_wconf 83' lang='lat' dir='ltr'>erus</span> <span class='ocrx_word' id='word_1_137' title='bbox 1044 3284 1185 3364; x_wconf 82' lang='lat' dir='ltr'>velando,</span> 
     </span>
     <span class='ocr_line' id='line_1_25' title="bbox 279 3387 1134 3465; baseline 0.001 -12"><span class='ocrx_word' id='word_1_138' title='bbox 279 3387 361 3465; x_wconf 84' lang='lat' dir='ltr'>Quia</span> <span class='ocrx_word' id='word_1_139' title='bbox 383 3388 486 3453; x_wconf 88' lang='lat' dir='ltr'>nudus</span> <span class='ocrx_word' id='word_1_140' title='bbox 508 3391 595 3452; x_wconf 85' lang='lat' dir='ltr'>totns</span> <span class='ocrx_word' id='word_1_141' title='bbox 618 3391 687 3453; x_wconf 91' lang='lat' dir='ltr'>erat</span> <span class='ocrx_word' id='word_1_142' title='bbox 708 3391 741 3453; x_wconf 89' lang='lat' dir='ltr'>et</span> <span class='ocrx_word' id='word_1_143' title='bbox 763 3389 888 3455; x_wconf 91' lang='lat' dir='ltr'>nullum</span> <span class='ocrx_word' id='word_1_144' title='bbox 910 3390 1134 3456; x_wconf 79' lang='lat' dir='ltr'>vestimentum</span> 
     </span>
     <span class='ocr_line' id='line_1_26' title="bbox 278 3492 958 3580; baseline 0.004 -22"><span class='ocrx_word' id='word_1_145' title='bbox 278 3492 316 3558; x_wconf 91' lang='lat' dir='ltr'>ln</span> <span class='ocrx_word' id='word_1_146' title='bbox 339 3515 375 3560; x_wconf 93' lang='lat' dir='ltr'>eo</span> <span class='ocrx_word' id='word_1_147' title='bbox 398 3492 583 3558; x_wconf 90' lang='lat' dir='ltr'>dimiserant</span> <span class='ocrx_word' id='word_1_148' title='bbox 605 3498 714 3579; x_wconf 84' lang='lat' dir='ltr'>neque</span> <span class='ocrx_word' id='word_1_149' title='bbox 727 3499 958 3580; x_wconf 75' lang='lat' dir='ltr'>tegumentum.</span> 
     </span>
     <span class='ocr_line' id='line_1_27' title="bbox 279 3598 1054 3685; baseline 0.001 -22"><span class='ocrx_word' id='word_1_150' title='bbox 279 3598 395 3665; x_wconf 89' lang='lat' dir='ltr'>Pedem</span> <span class='ocrx_word' id='word_1_151' title='bbox 416 3620 493 3685; x_wconf 82' lang='lat' dir='ltr'>ergo</span> <span class='ocrx_word' id='word_1_152' title='bbox 515 3620 609 3685; x_wconf 88' lang='lat' dir='ltr'>super</span> <span class='ocrx_word' id='word_1_153' title='bbox 631 3601 742 3685; x_wconf 89' lang='lat' dir='ltr'>pedem</span> <span class='ocrx_word' id='word_1_154' title='bbox 764 3600 903 3685; x_wconf 91' lang='lat' dir='ltr'>positum</span> <span class='ocrx_word' id='word_1_155' title='bbox 926 3600 1054 3665; x_wconf 86' lang='lat' dir='ltr'>tenebat</span> 
     </span>
     <span class='ocr_line' id='line_1_28' title="bbox 278 3704 1120 3790; baseline 0 -21"><span class='ocrx_word' id='word_1_156' title='bbox 278 3704 323 3771; x_wconf 82' lang='lat' dir='ltr'>Et</span> <span class='ocrx_word' id='word_1_157' title='bbox 344 3704 399 3785; x_wconf 83' lang='lat' dir='ltr'>sie,</span> <span class='ocrx_word' id='word_1_158' title='bbox 422 3704 507 3790; x_wconf 91' lang='lat' dir='ltr'>quod</span> <span class='ocrx_word' id='word_1_159' title='bbox 528 3705 700 3770; x_wconf 80' lang='lat' dir='ltr'>verendum</span> <span class='ocrx_word' id='word_1_160' title='bbox 721 3705 786 3769; x_wconf 89' lang='lat' dir='ltr'>fuit</span> <span class='ocrx_word' id='word_1_161' title='bbox 807 3705 957 3790; x_wconf 87' lang='lat' dir='ltr'>eorporis,</span> <span class='ocrx_word' id='word_1_162' title='bbox 981 3705 1120 3790; x_wconf 80' lang='lat' dir='ltr'>tegebat.</span> 
     </span>
     <span class='ocr_line' id='line_1_29' title="bbox 155 3808 1022 3896; baseline -0.002 -19"><span class='ocrx_word' id='word_1_163' title='bbox 155 3866 157 3877; x_wconf 93' lang='lat'><em>.</em></span> <span class='ocrx_word' id='word_1_164' title='bbox 199 3831 253 3869; x_wconf 72' lang='lat'>4⁹⁹⁰</span> <span class='ocrx_word' id='word_1_165' title='bbox 280 3809 340 3877; x_wconf 79' lang='lat' dir='ltr'>Sed</span> <span class='ocrx_word' id='word_1_166' title='bbox 362 3810 456 3895; x_wconf 84' lang='lat' dir='ltr'>pedes</span> <span class='ocrx_word' id='word_1_167' title='bbox 480 3808 686 3896; x_wconf 82' lang='lat' dir='ltr'>singulariter</span> <span class='ocrx_word' id='word_1_168' title='bbox 708 3808 830 3875; x_wconf 92' lang='lat' dir='ltr'>duobus</span> <span class='ocrx_word' id='word_1_169' title='bbox 853 3810 1022 3875; x_wconf 87' lang='lat' dir='ltr'>voluerunt</span> 
     </span>
     <span class='ocr_line' id='line_1_30' title="bbox 279 3914 938 4010; baseline -0.002 -29"><span class='ocrx_word' id='word_1_170' title='bbox 279 3914 385 3981; x_wconf 79' lang='lat' dir='ltr'>Oloris</span> <span class='ocrx_word' id='word_1_171' title='bbox 407 3914 599 4010; x_wconf 81' lang='lat' dir='ltr'>crucifigere,</span> <span class='ocrx_word' id='word_1_172' title='bbox 623 3918 656 3980; x_wconf 89' lang='lat' dir='ltr'>et</span> <span class='ocrx_word' id='word_1_173' title='bbox 676 3937 740 3981; x_wconf 91' lang='lat' dir='ltr'>non</span> <span class='ocrx_word' id='word_1_174' title='bbox 765 3918 938 4001; x_wconf 89' lang='lat' dir='ltr'>potnerunt</span> 
     </span>
     <span class='ocr_line' id='line_1_31' title="bbox 279 4014 1114 4106; baseline -0.001 -20"><span class='ocrx_word' id='word_1_175' title='bbox 279 4019 426 4087; x_wconf 87' lang='lat' dir='ltr'>Avellere</span> <span class='ocrx_word' id='word_1_176' title='bbox 449 4021 487 4086; x_wconf 90' lang='lat' dir='ltr'>de</span> <span class='ocrx_word' id='word_1_177' title='bbox 509 4021 587 4105; x_wconf 87' lang='lat' dir='ltr'>pede</span> <span class='ocrx_word' id='word_1_178' title='bbox 609 4014 737 4106; x_wconf 81' lang='lat' dir='ltr'>pedem3</span> <span class='ocrx_word' id='word_1_179' title='bbox 761 4024 828 4085; x_wconf 90' lang='lat' dir='ltr'>tam</span> <span class='ocrx_word' id='word_1_180' title='bbox 851 4020 953 4086; x_wconf 81' lang='lat' dir='ltr'>valide</span> <span class='ocrx_word' id='word_1_181' title='bbox 975 4020 1114 4100; x_wconf 79' lang='lat' dir='ltr'>tenebat,</span> 
     </span>
     <span class='ocr_line' id='line_1_32' title="bbox 279 4124 1104 4219; baseline -0.002 -28"><span class='ocrx_word' id='word_1_182' title='bbox 279 4124 458 4192; x_wconf 87' lang='lat' dir='ltr'>Verendam</span> <span class='ocrx_word' id='word_1_183' title='bbox 483 4130 606 4211; x_wconf 88' lang='lat' dir='ltr'>partem</span> <span class='ocrx_word' id='word_1_184' title='bbox 628 4125 767 4191; x_wconf 89' lang='lat' dir='ltr'>bominis</span> <span class='ocrx_word' id='word_1_185' title='bbox 790 4126 935 4219; x_wconf 77' lang='lat' dir='ltr'>detegere</span> <span class='ocrx_word' id='word_1_186' title='bbox 957 4125 1104 4204; x_wconf 83' lang='lat' dir='ltr'>nolebat3</span> 
     </span>
     <span class='ocr_line' id='line_1_33' title="bbox 280 4228 1259 4316; baseline -0.002 -19"><span class='ocrx_word' id='word_1_187' title='bbox 280 4231 370 4297; x_wconf 81' lang='lat' dir='ltr'>Tune</span> <span class='ocrx_word' id='word_1_188' title='bbox 393 4231 503 4297; x_wconf 90' lang='lat' dir='ltr'>ambos</span> <span class='ocrx_word' id='word_1_189' title='bbox 526 4232 620 4316; x_wconf 87' lang='lat' dir='ltr'>pedes</span> <span class='ocrx_word' id='word_1_190' title='bbox 642 4253 706 4297; x_wconf 92' lang='lat' dir='ltr'>uno</span> <span class='ocrx_word' id='word_1_191' title='bbox 729 4231 819 4297; x_wconf 86' lang='lat' dir='ltr'>olavo</span> <span class='ocrx_word' id='word_1_192' title='bbox 841 4228 925 4297; x_wconf 79' lang='lat' dir='ltr'>ornei</span> <span class='ocrx_word' id='word_1_193' title='bbox 948 4231 1130 4309; x_wconf 85' lang='lat' dir='ltr'>affixerunt,</span> <span class='ocrx_word' id='word_1_194' title='bbox 1251 4298 1259 4315; x_wconf 59' lang='grc'><strong><em>,</em></strong></span> 
     </span>
     <span class='ocr_line' id='line_1_34' title="bbox 201 4335 1039 4426; baseline 0.012 -31"><span class='ocrx_word' id='word_1_195' title='bbox 201 4355 253 4396; x_wconf 75' lang='lat' dir='ltr'>sas</span> <span class='ocrx_word' id='word_1_196' title='bbox 279 4336 357 4405; x_wconf 89' lang='lat' dir='ltr'>Jesu</span> <span class='ocrx_word' id='word_1_197' title='bbox 380 4335 500 4404; x_wconf 78' lang='lat' dir='ltr'>christi</span> <span class='ocrx_word' id='word_1_198' title='bbox 524 4336 704 4423; x_wconf 88' lang='lat' dir='ltr'>passionem</span> <span class='ocrx_word' id='word_1_199' title='bbox 725 4336 773 4401; x_wconf 90' lang='lat' dir='ltr'>ita</span> <span class='ocrx_word' id='word_1_200' title='bbox 793 4338 1039 4426; x_wconf 80' lang='lat' dir='ltr'>compleverunt.</span> 
     </span>
    </p>
   </div>
   <div class='ocr_carea' id='block_1_6' title="bbox 0 0 1504 5125">
    <p class='ocr_par' dir='ltr' id='par_1_6' title="bbox 0 0 1504 5125">
     <span class='ocr_line' id='line_1_35' title="bbox 0 0 1504 5125; baseline 0 7"><span class='ocrx_word' id='word_1_201' title='bbox 0 0 1504 5125; x_wconf 95' lang='lat' dir='ltr'> </span> 
     </span>
    </p>
   </div>
  </div>
 </body>
</html>
